2384 3878
363 184 659 244 ARGONAUTIOON
678 189 789 245 LIBER
807 192 828 247 Ι.
1069 144 1109 258 ll

89 335 162 400 hinc
181 353 301 416 quoque
324 336 433 396 missus
452 335 536 397 adest
559 340 695 417 quamuis
719 339 891 402 arcentibus
916 341 1020 405 Idmon
1056 355 1110 407 300

90 425 227 506 alitibus3
250 424 303 485 sed
326 432 414 503 turpe
438 426 504 484 uiro
528 427 664 487 timuisse
687 428 797 489 futura.

91 515 142 577 hic
164 522 196 576 ci
213 511 392 575 Naubolides
415 521 509 574 tortas
533 518 688 594 consurgit
710 519 742 577 in
765 518 859 578 undas

90 603 221 685 Iphitus,
243 602 292 663 hic
315 604 445 681 patrium
468 604 577 684 lrangit
599 603 768 685 Neptunius
791 624 904 686 aequor

91 695 144 774 qui
166 699 250 754 tenet
272 691 448 752 undisonam
471 691 648 754 Psamathen
667 712 845 774 semperque
869 703 1021 775 patentem

91 781 250 843 Taenaron
272 779 458 861 Euphemus,
481 781 622 861 mollique
646 801 662 843 a
685 783 772 844 litore
795 782 893 845 Pellae
1056 798 1108 849 aab

89 869 252 933 Deucalion
276 877 377 930 certus
400 869 504 930 iaculis
528 879 557 931 et
580 873 745 932 comminus
770 891 840 932 ense

89 958 199 1022 nobilis
221 957 381 1039 Amphion,
404 961 518 1038 pariter
540 977 616 1038 quos
635 958 727 1021 edidit
748 960 849 1040 Hypso

88 1067 147 1111 nec
169 1049 268 1128 potuit
290 1046 403 1108 similes
426 1046 560 1108 uoluituc
585 1048 719 1110 ediscere
742 1049 853 1111 uultus.

89 1146 156 1201 tum
179 1135 275 1199 ualida
299 1134 457 1215 Clymenus
480 1155 624 1216 percusso
647 1146 769 1216 pectore
792 1146 878 1200 tonsa

89 1226 185 1289 irater
208 1233 239 1286 et
260 1224 391 1305 lphiclus
413 1244 545 1306 puppem
567 1226 671 1308 trahit,
695 1234 725 1288 et
743 1227 806 1289 iace
830 1246 920 1289 saeua
1054 1241 1108 1293 310

88 1315 121 1376 10
144 1322 287 1376 tuamor
310 1313 425 1374 Danaos
449 1322 572 1375 acturus
595 1334 677 1396 saxa,
701 1314 864 1398 Caphareu,

88 1402 247 1485 Nauplius,
271 1410 301 1463 et
323 1409 436 1464 tortum
458 1421 519 1463 non
543 1422 559 1463 a
581 1402 653 1464 Ioue
676 1404 789 1465 fulmen
813 1402 915 1466 Oileus

90 1493 143 1572 qui
166 1499 278 1573 gemet,
300 1490 448 1552 Euboicas
471 1499 540 1552 nato
564 1493 710 1554 stridente
733 1511 787 1572 per
810 1494 914 1576 undas,

88 1583 202 1661 quique
225 1579 417 1660 Erymanthei
440 1581 597 1642 sudantem
619 1581 751 1662 pondere
775 1586 901 1644 monstri

88 1668 371 1750 Amphitryoniaden
395 1668 528 1748 Tegeaeo
552 1670 652 1732 limine
677 1670 814 1750 Cepheus
1054 1684 1107 1736 375

88 1759 180 1839 10011,
203 1766 233 1820 01
251 1758 467 1838 Amphidamas.
513 1767 543 1819 at
565 1759 658 1821 irater
680 1759 796 1839 plenior
820 1763 904 1821 annis

88 1845 194 1909 maluit
216 1847 332 1907 Ancaeo
356 1846 453 1908 uellus
477 1849 650 1926 contingere
674 1847 784 1908 Parin.

89 1943 189 1998 tectus
212 1943 243 1996 ct
263 1934 409 2015 Eurytion
433 1942 553 1996 seruato
577 1936 651 1996 colla
674 1935 789 2017 capillo,

89 2041 180 2104 quem
201 2031 286 2104 pater
309 2024 416 2084 Aonias
439 2024 581 2086 reducem
603 2024 738 2086 tondebit
761 2026 798 2087 ad
816 2043 890 2088 aras,

88 2122 119 2175 te
143 2131 262 2193 quoque
285 2112 486 2194 Thessalicae,
509 2113 626 2196 Nestor,
649 2117 726 2194 rapit
749 2116 780 2175 10
804 2115 879 2177 ireta
897 2118 1006 2197 puppis
1052 2128 1105 2180 380

88 2202 178 2285 lama,
201 2201 367 2283 Mycenaeis
390 2202 460 2262 olim
484 2205 535 2281 qui
558 2202 682 2263 candida
704 2203 781 2263 nelis

87 2307 219 2371 aequora
242 2297 272 2352 et
293 2293 439 2352 instantes
463 2291 609 2352 mirabere
628 2291 707 2352 mille
731 2294 897 2371 magistros.

87 2379 245 2441 hic-uates
266 2378 440 2459 Phoebique
463 2381 537 2441 fides
560 2398 621 2442 000
643 2399 720 2442 utana
742 2384 884 2463 parentis,

86 2467 222 2549 Mopsus,
244 2470 372 2548 puniceo
397 2470 446 2530 cui
469 2469 650 2531 circumfusa
672 2470 819 2531 cothurno

86 2557 164 2637 palla
185 2560 262 2618 imos
285 2558 356 2619 ierit
378 2556 442 2618 alba
465 2559 557 2638 pedes
576 2560 740 2636 uittataque
765 2560 863 2620 fronte
1050 2570 1104 2622 380

87 2648 181 2708 cassis
205 2647 289 2708 0110
312 2664 428 2707 summo
452 2646 554 2707 laurus
576 2646 686 2707 Peneia
709 2665 794 2706 cono.

86 2737 161 2815 quin
184 2737 273 2796 etiam
295 2733 443 2795 Herculeo
467 2737 620 2813 consurgit
642 2734 679 2795 ab
702 2733 806 2795 ordine
830 2734 948 2815 Tydeus

86 2823 267 2903 Nelidesque
291 2821 527 2905 Periclymenus,
551 2841 640 2902 quem
662 2841 756 2903 parua
779 2823 917 2885 Methone

86 2912 218 2992 felixque
240 2911 304 2972 Elis
327 2915 413 2992 equis
436 2920 466 2975 et
488 2911 631 2974 fluctibus
655 2912 762 2975 obuius
785 2911 881 2974 Aulon

85 3001 237 3063 caestibus
261 3001 403 3062 aduersos
425 3000 568 3063 uiderunt
590 3004 727 3080 frangere
751 3002 862 3063 multus.
1050 3014 1104 3064 300

85 3098 119 3153 10
144 3108 264 3170 quoque
288 3089 432 3151 Phrixeos
455 3109 538 3150 remo
544 3138 553 3173 ,
576 3090 716 3150 Poeantia
722 3138 731 3171 ,
755 3089 881 3152 Colchos

85 3176 133 3240 bls
155 3179 290 3240 Lemnon
313 3180 416 3240 uisure
438 3181 529 3261 petis,
553 3196 633 3240 nunc
656 3178 778 3259 cuspide
801 3180 894 3258 patris

85 3268 221 3348 inclitus,
244 3266 406 3329 Herculeas
425 3267 495 3328 olim
518 3276 636 3330 mature
661 3269 790 3346 sagittas.
903 3319 909 3327 .

84 3359 240 3437 proximus
263 3356 332 3417 hinc
355 3356 447 3419 Butes
469 3356 586 3418 Actaeis
609 3356 694 3418 diues
718 3355 754 3417 ab
778 3358 853 3436 oris3

84 3446 259 3508 innumeras
282 3463 350 3508 nam
373 3444 483 3507 claudit
506 3465 575 3526 apes
598 3445 743 3525 longaque
768 3444 915 3526 superbus
1051 3454 1104 3506 333

86 3533 185 3598 fuscat
207 3533 287 3597 nube
311 3534 402 3618 diem,
427 3534 497 3597 darm
521 3534 625 3617 plenas
647 3543 773 3598 nectare
796 3534 891 3598 cellas
