2384 3878
106 206 169 271 152
447 205 476 261 Ο.
495 205 632 261 vanum
650 205 781 261 FLACCI
834 204 836 208 ⁴

105 354 187 415 nulla
209 354 308 436 palus,
331 354 431 415 nullus
456 353 592 433 Scythiae
615 372 676 415 non
698 362 812 415 maeret
835 362 956 416 euntem

104 446 216 524 amnis;
238 442 447 523 Hyperboreas
469 445 564 504 mouit
586 451 746 522 conspecta
768 445 901 524 pruinas,
1070 457 1123 508 210

103 540 149 594 tot
171 533 259 592 modo
282 550 375 612 regna
396 539 516 612 tenens3
539 534 598 612 ipsi
621 548 740 611 quoque
763 548 918 593 murmura
940 541 1058 613 ponunt

6 662 9 666 -
104 623 162 682 iam
185 621 313 702 Minyae,
335 623 395 682 iam
417 621 497 681 ferre
520 620 635 682 uolunt.
680 622 732 680 uix
755 619 863 681 alleuat
885 638 938 681 ora

104 709 140 771 ad
164 727 261 791 seras,
284 708 437 792 siquando,
459 709 559 791 dapes,
583 726 656 788 quas
679 727 768 769 carus
789 708 877 769 lason

104 801 168 878 ipse
192 797 293 879 dabat,
314 799 373 858 iam
397 797 565 860 nubiferam
587 800 716 858 transire
740 796 897 858 Carambin

29 919 31 922 >
105 887 290 968 significans,
312 889 371 947 iam
394 905 486 967 regna
509 885 593 968 Lyci,
617 887 786 965 totiensque
809 893 979 966 gementem
1069 898 1121 948 215

104 975 178 1037 fallit
202 974 237 1035 ad
260 974 439 1037 Haemonios
461 974 598 1036 hortatus
621 992 745 1054 surgere
767 983 893 1036 montes.
1156 978 1158 984 ’

149 1062 249 1125 Insula
274 1063 454 1125 Sarmaticae
477 1063 576 1125 Peuce
600 1070 659 1124 stat
681 1065 801 1124 nomine
824 1064 980 1146 nymphae,

108 1161 214 1214 toruus
237 1151 290 1213 ubi
313 1160 343 1213 et
366 1155 430 1232 ripa
454 1170 572 1232 semper
594 1151 773 1212 metuendus
795 1161 923 1231 utraque

106 1243 138 1301 ln
161 1242 238 1301 freta
260 1259 316 1320 per
339 1258 446 1301 saeuos
468 1239 570 1301 Hister
593 1240 747 1301 descendit
770 1240 919 1322 alumnos3

106 1329 224 1390 soluere
248 1331 279 1389 in
301 1328 359 1390 hoc
381 1328 501 1390 tandem
524 1328 640 1390 resides
663 1328 723 1390 dux
746 1329 833 1390 litore
857 1347 954 1412 curas,
1072 1341 1124 1392 220

106 1437 140 1478 ac
162 1419 293 1498 primum
316 1420 414 1479 socios
436 1436 528 1480 ansus
551 1436 604 1479 sua
626 1426 712 1498 pacta
735 1417 843 1478 docere

104 1509 341 1587 promissamque
363 1506 453 1570 iidem
476 1506 596 1568 thalami
618 1507 782 1586 foedusque
805 1506 911 1587 iugale.

106 1595 186 1657 ultro
209 1614 313 1656 ornnes
335 1596 405 1656 laeti
427 1597 570 1675 instigant
592 1598 788 1675 meritamque
812 1596 955 1658 latentur.
1019 1642 1025 1652 .

105 1686 169 1764 ipse
193 1692 294 1745 autem
316 1686 427 1745 inuitae
451 1685 510 1744 iam
532 1682 665 1744 Pallados
690 1687 805 1764 erigere
828 1701 894 1745 aras
993 1725 997 1733 ‚

104 1775 210 1852 incipit
231 1771 339 1833 idaliae
362 1791 474 1833 numen
497 1791 553 1833 nec
576 1791 719 1852 spernere
743 1772 838 1834 diuae.

105 1864 324 1942 praecipueque
348 1864 409 1942 sui,
432 1861 591 1942 siquando,
613 1863 644 1923 in
668 1871 803 1942 tempore
826 1861 952 1941 pulcher

106 1950 237 2029 coniugii
258 1949 371 2030 Minyas
393 1968 556 2030 numquam
578 1952 672 2030 magis
696 1954 806 2012 eminet
827 1953 922 2030 inter3

106 2038 202 2118 qualis
226 2041 388 2118 sanguineo
411 2042 510 2100 uictor
533 2038 682 2100 Gradiuus
705 2038 741 2099 ab
764 2038 864 2100 Hebro

105 2127 230 2188 idalium
253 2127 333 2188 lurto
357 2126 438 2189 subit
460 2135 512 2189 aut
534 2127 642 2188 dilecta
664 2126 804 2208 Cythera;

105 2235 159 2276 seu
183 2234 252 2276 cum
275 2215 418 2277 caelestes
441 2215 559 2276 Alcidae
582 2218 714 2277 imsisere
737 2234 855 2278 mensas

107 2306 164 2364 iam
188 2311 275 2364 uacat
297 2312 328 2365 et
350 2305 463 2365 sessum
486 2304 560 2365 luno
584 2307 642 2365 iarn
665 2304 795 2366 destinat
817 2303 926 2365 llebae.

106 2391 201 2453 adluit
223 2394 371 2452 unanimis
395 2392 510 2473 Venus,
533 2393 727 2471 hortatorque
752 2392 865 2472 Cupido

107 2482 231 2542 suscitat
254 2479 379 2541 adfixam
401 2483 522 2541 maestis
544 2480 666 2542 Aeetida
690 2484 785 2562 curis;

106 2571 176 2650 ipsa,
194 2588 263 2630 suas
285 2569 329 2630 illi
352 2587 458 2630 croceo
482 2568 669 2650 subtegmine
692 2578 794 2632 uestes

104 2658 214 2740 induit,
237 2661 301 2738 ipsa
324 2676 408 2719 suam
431 2658 579 2738 duplicem
602 2657 746 2738 Cytherea
768 2677 909 2719 coronam
1071 2668 1125 2721 aab

106 2747 196 2808 donat
219 2755 249 2808 et
272 2765 392 2808 arsuras
416 2746 470 2807 alia
494 2765 563 2807 cum
586 2749 702 2826 uirgine
726 2765 865 2826 gemmas.

107 2846 173 2897 tum
196 2854 303 2896 nouus,
316 2834 451 2915 impleuit
473 2835 577 2896 uultus
599 2834 708 2918 bonor,
731 2854 765 2896 ac
789 2855 842 2897 sua
864 2836 951 2897 flauis

107 2924 223 2986 reddita
246 2942 318 2985 cura
342 2925 448 3004 comis,
471 2923 664 3003 graditurque
687 2923 778 2985 oblita
800 2924 955 2986 malorum,

107 3015 151 3074 sic
174 3012 226 3074 ubi
249 3012 420 3092 Mygdonios
443 3012 579 3092 planetus
603 3030 687 3073 sacer
710 3011 804 3075 abbrit
826 3013 918 3095 Almo,

105 3101 240 3181 laetaque
262 3104 321 3162 iarn
345 3100 452 3180 Cybele
475 3102 628 3180 festaeque
651 3120 707 3181 per
729 3103 837 3182 oppida
858 3102 973 3183 taedae,
1048 3156 1054 3160 .

106 3192 173 3269 quis
196 3189 284 3250 modo
307 3198 368 3250 tam
391 3208 497 3250 saeuos
520 3189 615 3268 adytis
637 3189 758 3252 linxisse
782 3208 906 3253 cruores

107 3274 238 3358 cogitet?
260 3286 311 3339 aut
333 3280 391 3359 ipsi
415 3281 466 3357 qui
488 3282 546 3339 iam
568 3281 731 3340 meminere
755 3275 906 3341 ministri?

87 3362 188 3448 inde,
211 3365 264 3427 ubi
287 3367 435 3428 sacrificas
459 3386 527 3429 cum
550 3369 677 3448 coniuge
699 3371 783 3430 uenit
806 3369 842 3428 ad
865 3386 931 3429 aras

93 3454 276 3538 Aesonides,
303 3473 422 3536 unaque
446 3457 557 3518 adeunt
579 3459 751 3537 pariterque
775 3459 892 3536 precari

74 3539 244 3627 1'1101‘piunt,
266 3547 373 3626 ignem
399 3547 511 3611 Pollux
533 3547 710 3628 undamque
730 3545 862 3625 iugalem
1066 3555 1120 3606 att
