2384 3878
421 184 471 238 AD
490 184 557 239 LIB.
576 183 636 238 VII.

112 337 174 394 159
199 337 241 395 sis
262 335 338 394 heae
360 334 415 392 Ph.
438 333 621 410 Wagnerus:
645 339 736 395 76666
759 335 795 393 V.

112 426 173 482 161
199 425 309 497 defecta
324 423 519 499 ›Meynclriust
543 423 659 497 decepta
676 423 714 482 V.

110 514 174 571 164
194 514 249 571 teri
268 511 387 586 scripsi:
404 528 531 585 praeca
548 512 577 570 V
601 530 637 570 ex
658 530 750 583 uersu
773 512 883 587 priore.
916 511 1036 571 omnino

67 620 95 660 rs
110 604 157 660 est
171 599 312 677 genetiuo
325 600 455 678 quodam
470 600 510 659 ad
523 593 680 660 ‘amorem'
694 617 800 661 uocem
819 600 932 660 addito.
965 600 1037 659 clim

67 690 204 749 :ieceram
228 682 322 748 ‘istud
345 709 403 765 quo
426 707 474 747 me
487 689 655 749 frustratur
669 689 812 749 acerbum
824 689 912 749 uince
931 682 1035 764 pricr'.

113 780 175 838 165
199 778 255 837 6776
276 782 340 837 atro
363 776 484 853 scripsi:
506 779 560 837 illc
582 795 665 838 sacro
688 778 725 836 V.

112 869 173 926 169
198 867 331 926 caulibus
363 865 482 941 scripsi:
515 867 611 926 soant
642 870 669 924 et
698 866 725 922 V
758 885 794 925 ex
821 865 911 925 foeda
942 866 1033 925 inter-

67 954 172 1015 66666
194 958 264 1030 pest
286 954 369 1020 uocis
393 954 541 1032 genuinae
562 954 771 1030 interlapsum.
846 1005 850 1012 .

111 1047 172 1103 171
198 1048 299 1104 watra
326 1043 446 1119 scripsi:
480 1043 577 1103 Venas
603 1043 632 1100 V
660 1061 695 1100 ex
723 1044 834 1120 glossa.
884 1060 956 1100 nam
983 1046 1037 1101 aul

67 1133 196 1208 :pliciter
220 1125 346 1192 ‘Venus'
370 1135 423 1191 aul
446 1125 556 1197 ‘mater
583 1125 741 1190 Amorum'
770 1129 901 1192 scribere
930 1131 1035 1190 debuit

66 1221 173 1296 larius,
206 1237 274 1279 cum
300 1222 357 1280 hec
389 1221 427 1280 acl
458 1220 535 1279 illud
565 1238 620 1296 psr
652 1220 871 1296 appositionem
899 1218 1036 1278 additum

67 1329 130 1367 rum
153 1311 300 1385 quantum
321 1309 448 1386 frigeai3
472 1311 606 1367 ceterum
633 1309 669 1368 cf.
696 1309 789 1385 Verg.
817 1308 892 1368 Aen.
914 1308 946 1366 Π
969 1309 1033 1368 325

112 1488 174 1545 174
202 1487 274 1560 quere
295 1486 451 1546 Heinsius:
475 1505 532 1546 ern.
560 1486 597 1545 V.
644 1479 739 1562 ‘quin'
770 1485 851 1560 apud
878 1484 1035 1544 Valerium

67 1594 114 1650 :pe
136 1593 191 1650 pro
215 1594 249 1633 eo
274 1575 354 1651 quod
377 1578 423 1634 esi
447 1568 523 1634 ‘sed'
547 1573 716 1636 adhibetur.

113 1666 175 1722 178
200 1663 359 1723 Hcemeail
382 1663 502 1739 scripsi:
524 1660 635 1723 Aesoni
656 1663 693 1722 V.

112 1753 174 1811 186
198 1754 307 1826 arripui
329 1751 447 1827 scripsi:
471 1753 575 1826 aspicit
596 1752 633 1810 V.

111 1843 173 1900 198
197 1857 275 1899 6666
298 1845 324 1899 et
346 1845 398 1900 lca
422 1839 543 1915 scripsi:
566 1856 645 1898 6666
662 1841 690 1898 sc'
712 1843 763 1898 tac
785 1838 823 1896 V.

112 1931 176 1989 200
200 1929 304 2002 6676166
328 1921 499 2009 (=quippc
522 1921 609 2007 quid)
633 1946 703 2003 ego:
727 1928 833 2000 quidue
855 1923 892 1984 V.

112 2019 174 2077 201
199 2035 251 2077 acc
269 2017 388 2092 scripsi:
412 2018 464 2076 hec
485 2017 526 2093 V;
550 2016 586 2075 cf.
610 2015 685 2075 Asn.
703 2015 746 2074 IX
772 2017 822 2074 10.

111 2108 174 2165 213
198 2109 256 2166 stc
280 2107 399 2181 scripsi:
422 2109 488 2179 ipse
510 2106 547 2164 V.

111 2196 175 2253 214
198 2196 240 2254 sic
263 2192 381 2253 Carrio:
404 2195 450 2254 hic
471 2195 508 2253 V.
532 2226 574 2234 —
598 2193 701 2252 malim
725 2184 878 2268 ‘carique'.

111 2285 175 2342 226
199 2288 233 2343 al
253 2285 314 2343 iam
336 2287 504 2357 repetatur
526 2281 684 2341 Heinsius:
708 2283 795 2340 66666
808 2282 981 2354 'repclcalur
999 2278 1037 2338 V.

116 2373 179 2431 229
201 2373 333 2445 maleae
357 2371 477 2447 scripsi:
499 2371 638 2445 ecclipsis
660 2370 698 2428 V.

114 2462 178 2520 230
206 2462 307 2520 luserit
333 2459 489 2520 Heinsius:
517 2461 634 2519 cluserit
655 2458 692 2516 V.
717 2490 759 2499 —
786 2459 888 2517 messis
918 2455 1036 2516 Carrio:

67 2552 130 2609 usis
152 2549 188 2607 V.

112 2639 177 2697 240
200 2642 282 2698 laune
306 2637 427 2712 scripsi:
450 2654 543 2696 66666
564 2636 602 2693 V.

113 2728 176 2786 243
201 2721 307 2785 dubiae
328 2725 533 2783 Burmannus:
562 2719 656 2782 durae
683 2723 724 2798 V;
753 2721 890 2781 eihan.
916 2719 959 2778 lv
984 2720 1037 2780 55.

112 2817 176 2873 244
199 2817 328 2874 membra
351 2813 454 2872 Thilo:
477 2814 565 2872 mereti
586 2812 623 2869 V.

112 2904 176 2961 245
200 2918 341 2976 reposcas
365 2901 484 2978 scripsi:
507 2917 642 2975 reponem
664 2900 701 2960 V.

113 2993 176 3050 247
200 2994 312 3064 lancae
333 2990 410 3050 Phil.
433 2990 619 3066 Wagnerns:
641 2992 762 3062 7666666
784 2987 820 3046 V.

114 3081 178 3139 250
200 3081 314 3139 semaia
335 3078 491 3138 Heinsius:
514 3079 613 3137 emnia
635 3075 672 3135 V.
863 3107 866 3110 ·

114 3170 177 3228 259
201 3169 336 3228 aetheriis
359 3168 477 3243 scripsi:
506 3167 619 3240 asperis
645 3164 686 3240 V;
716 3156 830 3223 ‘aeriis'
853 3161 1037 3240 Maduigius.

115 3260 179 3318 260
201 3257 357 3332 scalpentem
378 3255 534 3335 Heinsius:
557 3256 702 3328 1696661666
723 3253 761 3311 V.

116 3347 178 3405 262
194 3346 287 3405 ⁴scillei
309 3343 429 3420 scripsi:
451 3345 536 3404 uellet
558 3343 595 3403 V.
615 3374 656 3382 -
680 3344 762 3403 acles
787 3340 907 3416 scripsi:
931 3344 1039 3400 666166

75 3434 270 3510 ineptissime.

115 3525 177 3583 269
201 3540 237 3582 66
259 3521 379 3598 scripsi:
402 3526 434 3584 ta
456 3520 496 3582 V.
