2384 3878
359 192 653 252 ARGONAUTIOON
671 196 782 255 LIBER
800 198 834 256 V.
1041 199 1104 267 103

84 347 212 426 quisque
236 347 299 405 suis
322 351 386 405 tum
409 353 479 406 uota
502 344 566 407 deis
590 355 620 407 et
643 347 750 426 pocula
773 348 880 432 fundit,

84 434 158 495 dent
176 434 283 515 aciem,
307 432 378 494 dent
400 433 559 513 belligeros
582 453 724 515 superare
747 436 874 498 labores.

130 521 207 584 Ecce
232 529 331 582 autem
354 522 464 584 Geticis
488 525 613 584 ueniens
637 524 785 587 Gradiuus
805 526 840 587 ah
865 531 958 588 antris

85 614 297 691 ingentemque
321 611 442 673 trahens
466 620 566 673 arctoa
587 631 642 692 per
666 633 796 694 aequora
819 615 930 679 nubem

86 702 192 780 aspicit
214 699 309 760 Aeaea
332 700 444 780 Minyas
468 701 652 780 stupefactus
674 706 706 764 in
729 703 804 764 urbe

87 788 290 868 ambitumque
314 808 417 850 senem
438 792 644 869 promissaque
668 791 781 853 uellera
803 793 876 872 pubi

85 877 281 939 Thessalicae.
327 880 405 938 citus
429 878 464 938 ad
489 881 597 939 summi
621 880 768 941 stellantia
790 884 884 960 patris

86 975 165 1028 tecta
188 969 249 1028 ruit
272 972 441 1046 questuque
465 966 567 1028 louem
590 975 718 1029 testatur
742 969 863 1030 acerbo:

87 1051 175 1135 ‘quae
199 1054 319 1136 studiis,
342 1073 395 1116 rex
419 1074 536 1138 magne,
561 1053 668 1135 quies?
690 1060 748 1118 iam
771 1066 875 1121 mutua
897 1060 960 1122 diui

85 1146 175 1206 exitia
197 1145 229 1205 in
253 1144 331 1204 solos
354 1144 509 1206 hominum
531 1145 671 1207 molimur
693 1146 832 1230 honores,

86 1241 175 1312 teque
200 1251 234 1293 ea
258 1239 364 1294 cuncta
387 1237 503 1317 iuuant,
526 1234 659 1295 rabidam
683 1239 735 1315 qui
757 1236 874 1298 Pallada
898 1237 979 1299 caelo

87 1340 147 1383 non
171 1321 264 1401 abigis
288 1341 386 1401 neque
409 1325 546 1385 femineis
570 1322 686 1384 obicem
709 1327 801 1386 struis
826 1329 915 1387 ausis.

86 1429 147 1471 non
172 1414 296 1493 queror,
320 1418 456 1472 extructa
479 1411 558 1491 quod
582 1416 699 1474 uexerit
721 1416 785 1494 ipsa
809 1417 908 1474 oarina

86 1498 198 1561 uellera
222 1518 305 1560 sacra
328 1503 403 1561 meis
426 1508 596 1580 sperantem
620 1511 756 1564 auertere
779 1503 865 1583 lucis,

86 1587 226 1669 quodque
248 1589 345 1668 palam
365 1598 458 1651 tutata
481 1593 578 1652 uiros:
601 1593 644 1653 sic
668 1599 768 1652 cetera
790 1593 897 1673 pergit,

88 1679 114 1738 si
137 1676 225 1738 ualet.
270 1678 386 1739 insidiis
410 1680 481 1759 quid
504 1698 564 1740 non
588 1679 740 1740 fallacibus
764 1680 864 1761 ambit,

87 1773 248 1847 nostraut
269 1766 398 1828 Phrixeo
422 1768 587 1847 spolientur
610 1768 717 1847 templa
741 1766 881 1830 metallo?

85 1873 147 1916 non
170 1874 245 1934 opus
269 1854 378 1916 auxilio
402 1855 519 1917 Colchis
543 1874 599 1916 nec
623 1857 743 1918 loedere
768 1864 884 1918 uestro:

86 1952 117 2006 et
139 1943 253 2004 Persen
276 1943 364 2004 simul
388 1951 418 2005 et
441 1944 563 2025 Minyas·
576 1945 765 2025 deposcimus
789 1946 899 2007 hostes.

86 2034 160 2113 quin
183 2050 249 2114 age,
273 2033 344 2112 quid
367 2039 465 2096 tantae
488 2043 599 2095 coeunt
621 2037 652 2094 in
675 2035 788 2114 proelia
811 2032 938 2115 gentes?

86 2120 159 2203 quid
183 2129 253 2182 tuus
277 2119 462 2184 Aesonides?
484 2125 562 2184 imus
581 2142 649 2204 nos,
672 2127 811 2203 protinus
834 2127 911 2185 imus

86 2214 118 2273 in
142 2228 247 2272 nemus
271 2212 435 2272 auriferum
458 2219 488 2272 et
511 2215 637 2292 sumptis
661 2212 850 2274 decernimus
874 2215 973 2274 arinis.

85 2299 137 2362 uel
160 2307 193 2360 tu
217 2298 278 2359 sola
301 2300 370 2378 polo
393 2301 491 2362 tacitis
514 2303 635 2381 inopina
659 2300 792 2362 tenebris

86 2388 203 2450 labere:
227 2396 356 2466 quantus
380 2389 421 2450 ibi
445 2389 518 2451 deus
542 2392 696 2469 experiere
721 2409 776 2451 nec
799 2391 864 2451 illas

87 2478 239 2539 adstiteris
262 2479 373 2557 inpune
397 2478 505 2540 trabes.
522 2498 576 2539 .an
599 2479 703 2540 Martia
727 2480 835 2560 templa
1050 2493 1105 2543 640

87 2566 292 2628 intemeranda
314 2569 426 2648 minus,
450 2576 554 2629 curtus
577 2569 650 2628 mibi
673 2567 758 2628 lucus
782 2576 812 2629 et
839 2586 928 2647 agger

89 2654 170 2735 quod
193 2655 277 2716 rudis
301 2663 331 2716 ct
354 2656 415 2716 sola
439 2656 565 2716 colimur
588 2657 614 2715 si
637 2655 777 2734 gentibus
800 2652 928 2716 umbra?

85 2753 135 2805 est
158 2762 240 2804 amor
264 2751 294 2804 et
316 2763 419 2805 rerum
443 2747 559 2806 cunctis
583 2744 675 2805 tutela
698 2763 829 2806 suarum.

88 2842 119 2894 et
142 2831 209 2913 tibi,
232 2851 337 2913 magne
360 2843 458 2915 pater,
482 2835 571 2894 terris
595 2833 717 2894 donaria
741 2843 866 2915 certant,

88 2930 135 2982 est
157 2921 252 2982 honor
275 2923 322 2983 his
345 2926 434 2984 etiam
458 2943 538 2985 snus
585 2942 623 2983 en
646 2942 700 3002 ego
725 2924 804 2984 clara
826 2923 965 3003 Mycenes
1051 2933 1104 2984 645

88 3010 232 3092 culmina,
254 3013 405 3091 uirgineas
427 3012 554 3091 praeder
577 3015 603 3072 si
626 3011 767 3091 Cecropis
790 3030 884 3091 arces,

89 3102 149 3161 iam
172 3103 314 3181 coniunx,
338 3103 397 3161 iam
420 3109 449 3162 te
473 3103 585 3180 gemitu
608 3099 797 3179 lacrimisque
821 3099 937 3161 tenebit

89 3196 159 3248 nata
182 3207 320 3268 querens
367 3198 502 3250 metuant
526 3208 596 3268 ergo
621 3207 676 3249 neo
700 3189 768 3249 talia
791 3184 937 3269 poscant?

134 3276 201 3337 Non
214 3277 292 3338 tulit
314 3278 387 3339 haec
412 3281 530 3359 animis,
554 3280 627 3357 quin
650 3278 737 3357 longa
761 3278 877 3338 silentia
900 3277 996 3339 Pallas

89 3384 230 3446 rumpere
254 3375 284 3427 et
306 3368 440 3429 inridens
464 3369 681 3448 strepitumque
705 3370 859 3447 minasque
883 3367 1005 3429 Gradiui
1056 3380 1109 3431 650

90 3450 163 3515 ‘non
185 3454 241 3516 tibi
263 3454 395 3538 Aloidae,
420 3456 528 3536 quibus
552 3457 624 3518 haec
648 3457 718 3517 iera
734 3475 888 3518 murmura
911 3459 1017 3532 iactes,

89 3562 151 3606 non
173 3543 327 3629 Lapithae,
351 3547 405 3608 sed
427 3542 534 3610 Pallas’
562 3549 621 3632 aih,
638 3541 759 3628 *neque
782 3564 842 3624 ego
864 3542 978 3618 aeque
997 3540 1116 3606 &ms
