2384 3878
313 190 603 248 ARGONAUTIOON
621 193 730 248 LIBER
750 194 808 248 VH.
1008 192 1070 257 141

55 343 153 421 adque
176 360 231 421 per
253 341 306 401 has
329 343 424 401 nostri
447 343 513 401 iuro
537 342 716 403 discrimInis
739 343 841 403 horas:
1020 354 1072 405 500

56 448 199 509 umquam
222 448 277 509 ego
300 432 326 489 si
348 432 456 511 meriti,
479 432 504 490 si
526 433 622 491 noctis
646 448 712 491 sum
734 433 889 492 immemor
911 431 1010 511 huius,

57 521 83 580 si
107 528 137 580 te
161 527 291 599 sceptra,
314 519 448 600 domum,
472 520 497 578 si
521 526 549 579 te
573 518 695 597 liquisse
718 527 859 599 parentes

57 610 189 669 senseris
212 615 243 668 et
265 624 312 667 me
336 624 477 687 umquam
499 625 560 667 non
582 607 656 669 haec
678 610 823 688 promissa
846 616 989 687 tuentem,

56 704 121 757 tum
144 714 192 757 me
215 713 275 756 non
298 703 400 756 tauros
423 698 507 757 iuuet
530 699 661 757 euasisse
684 697 823 776 serosque

58 786 238 865 terrigenas,
260 792 325 845 tum
348 802 395 845 me
419 786 507 845 tectis
529 792 581 845 tua
603 783 705 846 turbet
727 787 758 845 in
781 787 854 864 ipsis
1019 796 1071 846 505

56 872 172 933 ilamma
195 881 323 952 tuaeque
348 880 440 952 artes3
464 871 562 951 siquid
584 880 649 934 tum
672 875 805 954 saeuius,
828 875 894 934 istis

58 961 167 1022 adicias
190 979 297 1040 meque
322 963 352 1021 in
376 960 473 1021 medio
497 968 613 1021 terrore
636 960 796 1042 relinquas,

58 1051 174 1129 ingrato
198 1057 287 1129 queat
309 1057 340 1110 et
362 1048 462 1110 nullus
485 1067 662 1110 succurrere
687 1044 810 1110 contra?

56 1138 150 1199 audiit
173 1146 260 1217 atque
284 1136 373 1199 simul
396 1139 511 1200 meritis
533 1139 666 1218 periuria
687 1139 792 1218 poenis

58 1225 225 1307 despondet
247 1234 372 1306 questus
396 1244 514 1306 semper
537 1226 634 1288 Furor
656 1227 738 1288 ultus
761 1228 895 1293 amantis.
1022 1237 1074 1286 510

99 1314 181 1376 llaec
203 1314 255 1375 nbi
279 1315 370 1396 dicta,
393 1323 493 1376 tamen
515 1323 651 1394 perstant
674 1316 788 1376 defixus
811 1323 948 1396 uterque,

56 1411 86 1465 et
109 1422 190 1464 nunc
213 1422 265 1464 ora
287 1403 390 1464 leuant
412 1402 516 1463 audaci
537 1401 613 1463 laeta
636 1405 766 1484 iuuenta,

55 1511 108 1553 ora
131 1491 220 1554 simid
242 1494 353 1574 totiens
376 1491 472 1552 dulcis
497 1492 642 1571 rapientia
664 1494 758 1573 uisus,

56 1599 137 1642 nuuc
160 1581 251 1641 deicit
273 1581 376 1642 uultus
399 1597 488 1660 aeger
510 1579 607 1660 pudor
631 1586 662 1641 55
683 1598 767 1642 mora
788 1580 876 1640 dictis

56 1669 202 1730 redditur.
225 1677 255 1729 at
278 1687 384 1730 rursus
403 1668 552 1748 conpellat
574 1668 677 1730 lasona
700 1672 800 1749 uirgo:
1021 1679 1072 1728 515

57 1753 186 1839 ‘accipe,
208 1757 383 1837 perdomitis
406 1775 481 1836 quae
505 1757 612 1818 deinde
635 1757 768 1837 pericula
790 1757 884 1817 tauris

60 1855 91 1907 55
110 1848 177 1925 quis
200 1847 231 1906 in
254 1846 354 1906 Aeolio
378 1853 495 1906 maneat
517 1853 547 1906 te
570 1845 682 1906 uellere
706 1852 820 1924 custos3

56 1934 191 1996 nondum
215 1942 322 1995 cuncta
345 1934 413 2015 tihi,
436 1935 545 2016 fateor,
567 1936 714 2014 promissa
736 1934 847 2014 peregi.

10 2038 11 2043 ’
56 2024 181 2084 saeuior
204 2024 318 2101 ingenti
340 2022 483 2083 Mauortis
505 2025 536 2082 in
560 2021 665 2084 arbore
689 2030 794 2103 restat,
1062 2078 1070 2093 χ

54 2111 160 2193 crede,
183 2110 280 2192 labor;
303 2114 460 2191 temptanti
483 2113 596 2172 utinam
620 2111 727 2173 fiducia
749 2112 846 2171 nostri
1023 2119 1075 2168 520

57 2201 98 2260 sit
120 2199 193 2261 milri
216 2206 441 2278 nocturnaeque
465 2198 592 2260 Hecates
615 2202 770 2279 uestrique
794 2192 929 2277 uigoris'

56 2288 186 2368 dixerat,
209 2295 302 2366 utque
325 2289 426 2349 trinum
449 2287 565 2369 doceat,
589 2305 664 2366 quae
688 2296 823 2348 monstra
847 2287 1008 2366 supersint,

59 2377 199 2456 protinus
222 2378 375 2437 immensis
398 2375 590 2438 recubantem
613 2375 794 2437 anfractibus
817 2393 943 2455 anguem

57 2462 163 2524 turbat
185 2471 216 2524 et
238 2463 393 2525 Haemonii
416 2464 514 2526 subito
538 2465 622 2527 ducis
645 2464 736 2526 obicit
758 2464 902 2526 umbram.

59 2551 128 2632 ille,
152 2551 231 2631 quod
254 2552 332 2613 haud
356 2552 440 2632 alias,
463 2554 547 2629 stetit
569 2560 600 2612 et
621 2552 800 2632 trepidantia
821 2554 910 2612 torsit
1026 2561 1077 2610 505

62 2639 163 2721 sibila,
186 2659 278 2719 seque
301 2648 384 2701 metu
406 2648 564 2719 postquam
588 2658 640 2700 sua
664 2640 775 2700 uellera
798 2642 912 2700 circum

62 2728 184 2790 sustulit
207 2728 303 2808 adque
327 2730 423 2789 omnis
446 2729 535 2808 spiris
559 2727 714 2789 exhorruit
736 2727 834 2809 arbor,

63 2818 169 2895 incipit
191 2817 260 2878 inde
284 2818 369 2895 sequi
393 2824 423 2877 et
445 2834 555 2877 uacuas
578 2817 651 2878 luxit
674 2835 726 2878 055
749 2836 804 2897 per
827 2834 922 2877 auras

63 2899 145 2982 ‘quis
166 2905 266 2984 fragor
289 2902 360 2967 hic?
384 2923 528 2984 quaenam
550 2912 663 2988 tantae,
687 2906 734 2967 dic
756 2909 856 2987 uirgo,
879 2897 1016 2966 ruinaei'

64 2991 209 3054 exclamat
232 2996 337 3054 stricto
360 2993 523 3055 Aesonides
546 3002 627 3055 stans
649 2995 775 3074 frigidus
799 3013 879 3054 ense.
1027 3003 1079 3052 530

59 3080 111 3140 illa
134 3080 206 3142 abiit
228 3081 330 3142 ridens
354 3082 532 3161 tandemque
557 3084 596 3143 ait
619 3100 714 3162 angue
738 3093 911 3163 repressor

57 3164 150 3230 ‘hunc
173 3168 228 3230 tibi
250 3178 438 3250 postremum
461 3172 557 3231 nostri
580 3179 665 3250 parat
686 3173 731 3231 ira
752 3174 894 3251 parentis,

56 3257 117 3318 heu
140 3260 245 3341 miser,
267 3257 327 3319 heu
351 3261 443 3319 tantis
466 3261 575 3320 iterum
599 3261 746 3339 carpende
768 3258 898 3338 periclis.

56 3365 74 3404 o
98 3348 214 3406 utinam
237 3364 254 3405 ο
278 3346 360 3408 nullo
384 3355 413 3408 te
438 3350 495 3408 sim
519 3349 622 3408 uisura
645 3347 745 3408 labore

56 3436 152 3512 ipsam
174 3433 320 3496 caeruleis
340 3435 529 3514 squalentem
551 3435 678 3497 nexibus
701 3454 808 3496 ornum
1023 3446 1074 3496 535

56 3522 179 3600 ipsaque
202 3523 357 3603 peruigilis
381 3525 496 3587 calcare
519 3525 679 3588 uolumina
697 3527 846 3602 monstrt,
