2384 3878
343 174 634 230 ARGONAUTIOON
650 176 760 230 LIBER
778 178 839 232 VII.
1040 182 1103 247 135

89 324 147 404 dio,
171 326 219 403 ait,
243 341 280 384 au
302 318 448 402 potius?''
463 357 505 367 -
520 326 717 403 strictumque
740 324 847 386 ruebat
869 328 901 386 in
923 345 1035 390 ensem.

88 413 227 492 promisi3
251 429 288 472 ue
308 410 389 493 salle,
411 430 527 491 precor.
574 431 702 492 cumque
724 416 790 494 ipsa
811 432 951 476 monerer

89 500 227 579 adloquio
251 517 382 579 casuque
405 502 477 581 uiri,
500 508 530 561 te
553 520 640 580 passa
662 504 762 581 rogari

89 607 157 649 sum
178 591 296 669 potius;
318 596 353 649 tu
375 588 462 650 laude
485 606 577 672 noua,
599 598 633 651 tu
656 591 789 670 supplice
813 591 902 671 digno

89 676 206 756 dignior
225 695 271 758 es3
296 685 341 737 sat
364 677 441 738 fama
462 680 537 738 meis
560 681 620 740 iam
641 687 726 758 parta
748 682 882 742 uenenis,

88 767 114 825 si
137 764 256 845 Pelopis
278 765 370 826 duros
391 769 475 845 prior
498 765 692 847 Hippodamia
713 767 830 828 labores

88 853 219 933 expediit
240 861 345 932 totque
369 872 421 915 ora
444 854 533 914 simul
555 855 676 935 rrrdgata
697 874 859 935 procorum

87 943 252 1021 respiciens
275 942 396 1003 tandem
417 945 530 1022 patrios
552 943 709 1004 exhorruit
731 962 809 1025 axes,

88 1032 114 1090 si
138 1029 219 1090 dedit
241 1031 305 1110 ipsa
327 1033 395 1091 neci
418 1032 672 1093 fratremhiinoia
695 1034 794 1111 uirgo:

87 1135 142 1178 our
164 1137 230 1179 nou.
247 1119 414 1198 hospitibus
436 1120 480 1180 fas
503 1122 543 1194 sit
566 1139 748 1183 suoourrere
766 1121 864 1200 dignis
1050 1132 1103 1182 200

86 1215 116 1268 te
141 1225 259 1287 quoque
283 1216 313 1268 et
334 1208 447 1283 Aeaeos
469 1208 573 1270 iubeas
596 1211 752 1271 mitescere
776 1205 918 1289 campos?

82 1295 204 1376 ¹oooidat
228 1303 348 1357 aeterna
371 1297 491 1358 tandem
514 1296 651 1359 Cadmeia
673 1306 769 1359 morte

87 1385 146 1444 iam
169 1403 254 1462 seges
278 1392 308 1445 et
330 1387 396 1446 uiso
419 1386 568 1446 fumantes
590 1385 708 1465 hospite
731 1381 831 1447 tauri?
1051 1396 1102 1447 282

41 1499 49 1511 ’
132 1517 273 1577 Torserat
294 1515 344 1576 iila
367 1518 452 1595 graui
473 1516 646 1581 iamdudum
668 1516 780 1578 lumina
802 1516 889 1579 uultu
1009 1529 1102 1578 ’202

87 1608 139 1666 uix
157 1607 270 1665 animos
293 1604 487 1685 dextramque
510 1613 630 1688 tenens,
655 1609 727 1685 quiu
749 1608 814 1687 ipsa
836 1607 985 1685 loquentis

87 1696 146 1754 iret
168 1695 199 1754 in
222 1711 274 1753 ora
297 1693 382 1775 deae3
405 1702 487 1755 tauta
508 1694 606 1774 pudor
624 1702 747 1772 aestuat
762 1697 837 1755 ira·

87 1785 205 1861 iamque
229 1790 295 1842 toro
318 1781 451 1862 trepidas
473 1782 576 1845 infelix
599 1782 700 1844 obruit
723 1789 810 1844 aures
1051 1795 1103 1844 200

88 1869 181 1931 uerba
205 1888 327 1950 oarrens5
350 1868 459 1931 horror
482 1871 585 1931 molles
609 1873 761 1932 inuaserat
784 1879 875 1932 artus.
1051 1882 1103 1932 200

88 1977 145 2020 neo
164 1977 223 2039 quo
247 1959 326 2019 ferre
350 1959 451 2038 fugam
473 1978 530 2022 neo
553 1977 613 2039 quo
632 1977 665 2020 so
688 1968 808 2021 uertere
831 1966 934 2039 posset

87 2065 197 2127 prensa
219 2047 315 2128 uidet;
333 2056 422 2128 rupta
445 2048 533 2111 condi
555 2047 661 2110 tellure
684 2050 839 2128 premique

89 2135 262 2196 iamdudum
285 2138 367 2215 eupit
389 2155 423 2197 ao
446 2137 526 2198 diras
549 2136 677 2198 euadere
701 2155 800 2198 uoces.

134 2268 186 2328 Ilia
209 2269 296 2346 sequi
318 2266 402 2329 iubet
425 2277 455 2330 et
477 2272 572 2349 portis
596 2277 731 2348 expectat
753 2272 785 2330 in
808 2271 889 2348 ipsis.
1050 2281 1103 2331 300

90 2375 200 2418 saeuus
221 2355 365 2417 Echionia
388 2376 445 2418 eeu
467 2356 600 2418 Penthea
621 2356 756 2419 Bacchus
779 2360 811 2418 iu
834 2358 900 2419 aula

43 2493 46 2498 .
88 2444 200 2506 deserit
222 2445 342 2506 infectis
364 2464 419 2525 per
441 2446 559 2508 roseida
581 2464 694 2508 cornua
716 2449 809 2527 uittis,

87 2551 156 2594 eum
178 2541 262 2594 tenet
283 2533 332 2593 ille
356 2533 459 2618 deum,
481 2533 713 2614 pudibundaque
737 2535 992 2614 tegmiua==matris
1065 2561 1068 2565 ²

85 2628 283 2701 tympanaque
306 2628 338 2681 et
359 2622 479 2683 mollem
500 2621 600 2683 subito
624 2625 715 2682 miser
738 2624 846 2701 aooipit
869 2621 997 2683 hastam:
1111 2650 1114 2657 ·

85 2709 164 2770 haud
185 2708 661 2790 adtenderenappauetponqne
684 2712 783 2770 omnia
806 2711 920 2770 oiroum
1050 2721 1103 2771 305

89 2797 148 2859 fert
171 2796 274 2859 oeulos
292 2800 440 2877 tectisque
463 2805 551 2878 negat
572 2798 736 2877 procedere
759 2801 854 2877 uirgo.

87 2894 192 2947 eontra
215 2903 324 2947 saeuus
347 2905 442 2969 amor,
466 2889 745 2967 contraperiturus
769 2887 855 2948 iason

87 2983 176 3053 urget
199 2982 228 3035 et
252 2975 367 3036 auditae
392 2983 533 3037 oresouut
554 2977 586 3035 iu
608 2985 730 3055 pertore
754 2995 853 3038 uoces.

87 3062 148 3123 heu
172 3062 244 3142 quid
267 3059 355 3142 agat?
379 3063 461 3125 uidet
483 3071 608 3124 externo
632 3082 664 3124 se
687 3064 814 3144 prodere
838 3072 954 3143 patrem

87 3149 164 3211 dura
185 3153 268 3233 uiro,
291 3152 399 3216 famam
422 3151 569 3215 scelerum
592 3153 709 3231 iamque
733 3156 797 3234 ipsa
820 3170 944 3214 suorum
1052 3165 1105 3217 010

87 3241 248 3319 prospicit,
271 3247 302 3300 et
320 3248 428 3319 questu
451 3258 577 3320 superos
601 3248 768 3320 questuque
783 3243 893 3320 fatigat

87 3327 223 3408 Tartara3
241 3328 340 3406 pulsat
355 3329 486 3390 :humum
513 3328 709 3409 manibusque
733 3332 932 3391 inmurmurat
955 3332 1041 3391 uncis

86 3417 183 3497 noetis
206 3433 288 3477 eram
303 3417 467 3496 :Ditemque
491 3419 586 3497 ciens,
608 3436 788 3479 suoourrere
811 3418 932 3480 taudem

86 3511 182 3564 morte
206 3502 301 3566 uelint
322 3508 480 3586 ipsumque
504 3505 594 3566 simul
616 3506 779 3568 demittere
798 3506 882 3582 isto„
