2384 3878
309 213 601 269 ARGONAUTICON
618 215 728 270 LIBER
746 215 820 271 VIII.
1016 220 1078 285 147

106 362 167 422 lam
190 364 273 441 prior
296 365 327 423 iu
350 362 434 424 lucos
458 364 540 423 curis
562 364 739 443 urgentibus
762 365 852 426 beros

60 458 187 512 uenerat
210 458 240 512 et
263 453 393 512 nemoris
416 469 504 514 saera
523 469 555 512 se
578 459 666 514 nocte
690 453 817 535 tegebat,
1044 470 1079 521 25

60 546 126 602 tuin
149 540 408 619 quoquesiderea
431 539 530 602 clarus
552 541 657 620 procul
680 561 732 603 ora
755 545 886 606 iuuenta.
913 581 925 596 -

61 628 157 710 qualis
180 628 276 689 adbuc
299 632 410 708 sparsis
433 631 576 692 comitum
597 649 652 710 per
674 630 769 693 lustra
791 635 920 694 cateruis

61 718 195 780 Latmius
218 721 341 779 aestiua.
354 719 466 780 residet
489 726 615 780 uenator
638 722 669 780 in
692 720 807 802 umbra,

62 809 170 888 dignus
193 824 294 867 amore
317 807 402 889 deae,
425 806 533 869 uelatis
551 807 693 869 cornibus
716 817 746 870 ct
769 813 827 870 iam

62 895 146 957 Luna
169 898 265 956 uenit:
288 914 375 957 roseo
399 896 467 957 talis
489 915 544 977 per
566 895 668 958 nubila
690 897 798 959 ductor
1042 915 1078 965 30

62 984 166 1065 implet
188 983 302 1045 honore
325 1003 431 1046 nemus
454 985 580 1066 talisque
605 993 744 1065 expectat
765 995 919 1049 amantem.

63 1092 133 1136 ecce
157 1081 257 1135 autem
279 1073 403 1154 pauidae
427 1076 513 1154 uirgo
537 1075 573 1136 de
597 1093 680 1136 more
703 1075 866 1159 columbae,

63 1181 138 1243 quae
162 1181 254 1242 super
276 1164 391 1243 ingenti
414 1163 595 1225 circumdata
617 1167 768 1245 praepetis
791 1164 897 1226 umbra

61 1255 94 1313 in
113 1269 331 1331 quemcumque
350 1260 482 1314 tremens
500 1252 650 1314 bominem
670 1253 748 1315 cadlt
767 1288 808 1298 -—
828 1254 899 1316 haut
918 1274 1005 1318 secus
1027 1256 1078 1319 illa

63 1348 128 1402 acta
150 1343 257 1402 timore
281 1344 366 1420 graui
387 1342 515 1402 mediam
538 1361 571 1404 se
593 1344 687 1423 mIslt3
710 1350 740 1404 at
762 1343 810 1404 ille
1043 1356 1079 1408 art

63 1431 182 1509 excepit
203 1428 370 1508 blandoque
393 1432 478 1510 prior
501 1432 544 1490 sic
567 1448 619 1491 ore
641 1430 774 1493 loeutus:

64 1514 93 1580 o
116 1518 240 1579 decus
232 1536 263 1579 ru
286 1527 407 1579 nostros
429 1537 570 1598 maguum
592 1527 720 1582 uentaua
732 1528 875 1625 penates,

64 1608 184 1686 solaque
208 1615 358 1669 tantarum
381 1610 467 1687 uirgo
490 1608 562 1670 baut
584 1608 704 1688 indigna
727 1611 844 1671 uiarum

64 1715 152 1757 eausa
175 1704 294 1775 reperta
317 1696 405 1778 mibi,
426 1699 486 1758 iam
507 1699 566 1759 Iam
589 1716 649 1759 non
672 1697 732 1758 ulla
754 1700 875 1804 requiro

64 1785 177 1846 uellera
201 1791 291 1864 teque
314 1803 398 1847 meae
422 1789 494 1848 satis
517 1794 563 1848 est
582 1789 733 1866 quaesisse
757 1789 883 1848 cannae.
1045 1802 1082 1853 4⁰

63 1892 172 1935 uerum
193 1891 246 1953 age
271 1881 301 1934 et
323 1873 379 1935 hoc
403 1877 507 1957 etiam,
530 1875 648 1954 quando
670 1881 756 1955 potes
763 1925 772 1957 ,
795 1876 877 1937 adice
900 1878 991 1938 tantis

27 2021 29 2025 Α
63 1961 240 2024 muneribus
263 1965 438 2043 meritIsque
462 1965 687 2045 tuis31ramque
711 1982 801 2026 aurea
823 1967 898 2026 iussi

63 2061 148 2157 terga
171 2051 285 2112 referre
308 2071 425 2156 sumus3
448 2055 545 2114 socios
568 2071 602 2114 ea
625 2053 719 2132 gloria
741 2049 857 2134 tangit?

65 2143 108 2201 sic
132 2143 173 2202 ait
196 2148 226 2200 et
248 2142 353 2219 primis
376 2140 501 2221 supplex
524 2141 607 2203 dedit
629 2140 730 2203 oscula
752 2143 866 2222 palmis.

110 2228 219 2290 Contra
242 2230 328 2308 uirgo
351 2232 439 2291 nouis
461 2232 572 2291 iterum
595 2230 774 2310 singultibus
798 2249 865 2291 orsa
888 2239 947 2293 est:
1045 2243 1080 2294 45

66 2313 179 2422 ‘linquo
203 2317 307 2378 domos
329 2320 439 2397 patrias
462 2326 491 2380 te
514 2327 638 2401 propter
661 2337 792 2399 opesque
816 2337 965 2402 meorum3

66 2425 121 2467 nec
144 2409 203 2467 iam
225 2424 306 2467 nune
329 2409 432 2487 regIna
454 2407 576 2489 loquor,
600 2410 786 2514 sceptrisque
808 2409 921 2470 relictis

66 2501 137 2556 uota
161 2513 286 2575 sequor.
309 2513 397 2556 serua
419 2496 495 2557 hanc
517 2495 675 2580 profugae,
696 2499 780 2578 prior
802 2501 866 2577 lpse
890 2497 998 2558 dedisti

68 2602 157 2663 quam
182 2578 256 2667 (scis
280 2577 402 2667 nempe)
426 2585 522 2646 iidem.
568 2585 598 2646 di
620 2587 731 2646 nostris
753 2584 881 2646 uocibus
904 2585 1020 2668 adsunt,

69 2672 167 2734 sidera
191 2671 308 2733 ethaeo
331 2680 361 2733 tc
384 2691 492 2751 meque
506 2673 623 2734 uident:
645 2680 746 2734 tecum
760 2691 898 2756 aequora,
920 2681 1020 2736 tecum
1048 2685 1083 2739 50

67 2763 205 2841 experIar
228 2778 430 2840 quascumque
454 2764 532 2844 uIas,
554 2761 642 2823 modo
665 2764 771 2842 nequis
795 2762 927 2824 abactam

65 2849 124 2910 huc
147 2850 258 2911 reserat
280 2868 328 2911 me
352 2850 428 2911 forte
452 2851 516 2912 dies
539 2850 692 2931 oculisque
715 2855 848 2931 parentis

64 2940 197 3020 ingerar3
220 2938 277 3000 boc
300 2958 439 3022 superos,
462 2940 518 3001 hoc
542 2947 571 3001 te
596 2959 714 3020 quoque
738 2940 896 3024 deprecor,
919 2935 1050 3020 hospes?

109 3026 189 3088 llaec
213 3030 255 3090 ait
277 3027 373 3107 adque
397 3029 501 3089 furens
523 3028 627 3111 rapido
644 3047 699 3108 per
723 3028 810 3090 deuia
832 3047 923 3110 passu

65 3115 188 3178 tollitur.
234 3115 283 3177 Ille
306 3116 410 3178 haeret
433 3135 533 3179 comes
555 3126 587 3179 et
608 3119 768 3180 miseratur
791 3126 921 3200 euntem,
1045 3129 1081 3181 oo

65 3223 134 3266 cum
158 3203 257 3266 subito
279 3206 431 3285 ingentem
453 3206 549 3267 medIa
571 3209 651 3269 inter
673 3205 774 3268 nubila
796 3207 943 3270 flammam

65 3295 212 3373 conspicit
235 3301 265 3355 et
288 3312 376 3355 saeua
399 3293 552 3356 uibrmtes
574 3295 642 3357 luce
664 3293 812 3357 tenebras.

65 3376 145 3461 ‘quis
167 3381 261 3443 rubor
283 3384 340 3444 Iste
363 3378 445 3464 poli?
468 3383 547 3463 quod
569 3391 630 3446 tam
652 3383 778 3464 lugubre
802 3385 921 3446 redxlslt

66 3466 183 3532 sidus?
206 3474 256 3532 ait.
301 3472 400 3534 reddit
421 3472 538 3553 trepido
561 3475 611 3534 cui
633 3472 701 3534 talia
723 3475 823 3552 uirgo:

66 3553 172 3638 ‘ipsius
196 3579 232 3621 en
257 3559 360 3622 occulos
382 3569 415 3625 et
435 3561 552 3626 lumina
571 3569 667 3627 torua
687 3561 835 3623 draconis
1070 3563 1115 3602 m

165 3684 171 3695 ,
848 3653 909 3706 uu*
