2384 3878
112 169 175 234 136
453 128 482 225 c.
500 169 638 224 vanam
655 168 784 226 rancor
851 160 853 163 ·

110 337 200 398 quem
222 327 346 398 propter
369 320 458 399 surit3
482 319 597 379 absenti
620 320 793 379 saeuissima
815 321 914 398 poscit
1077 330 1130 379 315

110 425 190 468 nunc
214 406 326 489 Peliae,
350 416 431 469 tanta
454 410 595 468 iuuenem
618 408 670 486 qui
692 406 833 486 perderet
855 409 909 467 ira.

110 514 198 575 saepe
223 514 291 556 suas
314 498 424 557 misero
447 497 622 576 promittere
647 495 776 555 destinat
799 503 888 576 artes,

111 583 179 644 dein
203 593 292 663 negat
315 592 404 664 atque
428 602 487 644 una
509 586 609 664 potius
633 583 769 644 decernit
792 577 889 663 obire3

112 692 145 733 ac
168 691 266 752 neque
290 680 351 733 tam
374 674 455 752 turpi
479 691 631 733 cessuram
654 690 773 751 semper
796 673 889 732 amori

91 761 276 840 ,proclamat
298 779 395 841 neque
420 780 508 841 opem
530 763 631 839 ignoto
654 762 796 840 uiresque
820 760 969 841 daturam3
1077 773 1129 822 320

110 850 205 928 adque
228 857 295 910 toro
318 852 451 929 proiecta
474 857 592 931 manet,
616 867 685 910 cum
707 851 772 910 uisa
795 850 898 909 uocari

109 956 216 998 rursus
239 946 270 999 et
293 938 410 1018 inpulso
434 946 602 999 sonuerunt
625 937 745 999 cardine
767 946 878 1017 postes

155 1026 235 1105 Ergo
259 1026 312 1087 ubi
334 1028 436 1087 nescio
460 1045 519 1105 quo
542 1029 663 1106 penitus
686 1045 718 1087 se
741 1028 863 1087 numine
887 1027 969 1086 uinci

110 1117 201 1176 sentit
224 1123 255 1176 et
277 1114 427 1175 abscisum
450 1115 594 1194 quidquid
617 1114 714 1194 pudor
737 1123 804 1175 ante
828 1112 976 1196 monebat,

109 1211 173 1264 tum
196 1202 317 1264 thalami
338 1201 491 1282 penetrale
514 1204 604 1286 petit,
627 1220 702 1281 quae
726 1205 852 1263 maxima
875 1210 962 1263 norat
1076 1213 1126 1273 stt

109 1292 217 1352 auxilia
239 1290 418 1352 Haemoniae
443 1309 590 1371 quaerens
612 1309 668 1371 pro
691 1308 762 1369 rege
787 1292 913 1351 carinae.

110 1386 202 1459 utque
225 1379 330 1459 procul
353 1381 475 1459 magicis
499 1382 642 1460 spirantia
663 1385 743 1440 tecta
766 1380 892 1440 uenenis

108 1477 138 1530 et
161 1487 267 1530 saeuae
290 1476 414 1549 patuere
438 1469 519 1529 iores
542 1467 697 1547 oblataque
721 1475 825 1528 contra
898 1499 903 1511 .

108 1559 219 1640 omnia,
242 1575 316 1635 quae
340 1564 446 1637 ponto,
470 1574 545 1635 quae
568 1555 705 1616 manibus
728 1558 809 1616 eruit
830 1552 898 1617 imis

108 1652 138 1705 et
162 1663 236 1723 quae
257 1645 419 1723 sanguineo
442 1644 529 1704 lunae
552 1644 710 1705 destrinxit
733 1644 770 1703 ab
794 1662 856 1726 ore,
1070 1656 1123 1706 330

109 1728 193 1793 ‘tune
218 1727 366 1812 sequeris'
389 1734 430 1794 ait
453 1727 626 1812 ‘quidquam
649 1740 700 1794 aut
721 1733 835 1812 patiere
858 1732 1043 1813 pudendum,

108 1839 177 1883 cum
198 1821 253 1882 tibi
276 1829 321 1882 tot
343 1829 456 1882 mortes
480 1822 661 1901 scelerisque
684 1821 862 1883 breuissima
885 1823 980 1902 tanti

108 1905 247 1989 effugia?
270 1909 344 1971 haec
368 1909 484 1993 dicens,
507 1929 565 1989 qua
587 1928 648 1970 non
671 1909 805 1971 uelocius
827 1908 921 1969 herba

106 1998 248 2077 pestilera
272 2004 326 2079 est,
349 2005 412 2059 toto
436 2000 617 2076 nequiquam
639 1997 751 2059 lumine
774 1997 883 2059 lustrat

107 2093 324 2165 cunctaturque
348 2105 439 2166 super
462 2088 665 2165 morituraque
689 2085 801 2165 colligit
823 2088 892 2146 iras.
1070 2096 1123 2149 333

106 2195 124 2235 o
148 2176 274 2236 nimium
297 2174 428 2236 iucunda
450 2175 528 2256 dies,
552 2192 640 2253 quam
663 2191 731 2235 cara
755 2174 811 2236 sub
834 2177 898 2255 ipsa

106 2271 203 2324 morte
227 2261 334 2342 magis!
358 2265 440 2324 stetit
464 2271 494 2324 et
518 2281 583 2324 sese
607 2265 746 2324 miserata
768 2264 919 2323 furentem
941 2270 996 2323 est.

108 2347 246 2433 ‘occidis,
269 2351 343 2431 heu,
365 2353 463 2430 primo
488 2345 589 2433 (potes
611 2351 668 2411 hoc
692 2345 837 2433 durare‘l)
861 2349 917 2412 sub
940 2368 1024 2433 aeuo,

109 2457 165 2500 nec
190 2447 223 2500 tu
246 2433 334 2499 lucis'
358 2441 411 2520 ait,
435 2434 503 2499 ‘nec
526 2439 639 2499 uideris
662 2439 721 2499 ulla
743 2441 883 2501 iuuentae
1073 2498 1079 2505 ,

96 2528 227 2610 gaudia,
251 2545 312 2590 non
334 2526 439 2588 dulces
462 2526 563 2588 fratris
585 2526 751 2606 pubescere
775 2524 887 2588 malas?
1075 2541 1129 2592 ato

107 2617 189 2678 hunc
214 2634 347 2700 quoque,
371 2619 419 2677 cui
442 2634 522 2677 nunc
546 2634 579 2676 es
602 2616 745 2696 crudelis,
768 2614 870 2676 lasona
894 2617 992 2676 nescis

113 2713 211 2766 morte
233 2707 333 2785 perire
356 2700 429 2766 tua?
451 2706 503 2784 qui
525 2712 555 2765 te
578 2722 659 2766 nunc
681 2706 801 2765 inuocat
823 2722 922 2787 unam,

108 2795 160 2872 qui
184 2801 269 2872 rogat
290 2792 350 2852 heu
373 2801 477 2853 nostro
501 2811 589 2871 quam
612 2795 738 2872 primam
761 2795 792 2853 in
815 2792 903 2854 litore
925 2793 1032 2877 uidit.-

107 2899 162 2942 cur
186 2879 240 2941 tibi
264 2879 382 2940 fallaces
404 2880 515 2959 placuit
539 2882 719 2959 coniungere
744 2881 863 2942 dextras

104 2977 188 3050 tunc,
210 2975 305 3048 pater,
328 2974 416 3046 atque
439 2969 505 3028 istis
519 2970 661 3029 iuuenem
673 2987 734 3029 non
756 2970 883 3049 perdere
906 2973 1052 3033 monstris
1075 2982 1130 3035 343

105 3052 267 3137 protinus?
290 3058 354 3136 ipsa
377 3057 479 3138 etiam,
502 3057 611 3138 fateor,
634 3065 707 3118 tunc
730 3060 795 3138 ipsa
817 3057 963 3120 uolebam.

104 3152 198 3206 testor
221 3162 289 3205 cara
313 3151 392 3225 tuas,
416 3143 501 3205 Circe
525 3145 654 3229 Titania,
676 3165 777 3228 uoces,

103 3242 133 3294 te
157 3235 285 3295 ducente
311 3250 435 3316 sequor,
458 3240 509 3295 tua
531 3252 578 3295 me
602 3234 770 3313 grandaeua
792 3231 934 3314 fatigant

105 3321 228 3383 consilia
252 3329 282 3382 et
304 3323 424 3382 monitis
447 3322 521 3383 cedo
544 3318 662 3384 minor?
706 3322 780 3384 haec
803 3323 855 3384 ubi
878 3324 947 3406 iata,

94 3429 208 3470 trusus
230 3409 267 3471 ad
289 3408 447 3471 Haemonii
468 3412 587 3472 iuuenis
611 3428 773 3492 curamque
796 3419 969 3491 metumque
1072 3427 1129 3480 330

80 3499 232 3581 cortitum
253 3498 339 3563 lronc
362 3499 465 3564 solum
489 3508 615 3584 propter
640 3519 696 3562 seu
715 3502 823 3562 muers
845 3499 976 3579 qaudens
