2384 3878
41 146 44 151 ’
123 169 169 236 90
467 169 496 226 o.
518 166 653 226 vanum
671 166 801 225 nnaccr

123 339 200 402 quae
223 321 304 401 pelta
326 321 403 381 latus
426 319 522 398 adque
545 338 665 381 umcros
689 319 797 380 nudata
819 318 969 398 pharetris

124 411 235 491 fugerit
257 409 421 471 Herculeae
444 427 513 469 mox
535 409 660 470 uulnere
683 426 793 488 prensa
816 410 947 490 sagittae,

124 498 218 579 mque
242 501 427 577 securigeras
450 496 649 558 stimulauerit
671 498 721 557 lra
744 505 880 558 cateruas

124 589 310 666 fleturusque
332 594 431 668 pater,
454 594 583 665 quantus
606 586 682 648 duce
705 594 804 647 terror
827 588 858 646 in
881 589 954 668 ipsa,

123 677 178 758 qui
195 676 280 737 furor
303 678 334 736 in
358 677 463 757 signis,
487 693 546 754 quo
569 674 685 737 balteus
708 677 815 736 arserit
839 694 920 736 auro.

169 764 263 839 Nocte
287 764 343 826 sub
367 772 499 825 extrema
522 763 630 825 clausis
653 765 769 825 telluris
793 764 829 824 ab
852 765 946 825 antris

123 852 254 934 peruigil
277 853 396 915 auditur
419 851 582 932 Chalybum
605 852 701 935 labor3
725 871 806 914 arma
829 853 952 932 fatigant

124 941 284 1023 ruricolae,
308 942 449 1023 Gradiue,
472 944 529 1022 tui3
549 950 635 1004 sonat
653 941 700 1002 illa
725 943 854 1003 creatrix

122 1033 220 1111 prima
242 1047 347 1092 manus
370 1030 440 1092 belli
461 1036 558 1091 terras
581 1030 712 1091 crudelis
734 1033 766 1091 in
789 1048 901 1090 omnes.

123 1137 193 1182 nam
214 1121 299 1200 prius
321 1122 415 1199 ignoti
437 1136 526 1197 quam
549 1118 624 1179 dura
647 1118 759 1180 cubiha
781 1119 854 1180 lerri

124 1216 267 1270 eruerent
290 1226 436 1286 ensesque
460 1207 579 1289 darent,
603 1206 677 1268 Odia
699 1225 787 1287 aegra
810 1210 874 1269 sine
898 1211 989 1269 armis

122 1295 264 1358 errabant
286 1296 409 1374 lraequc
432 1297 537 1376 inopes
560 1305 590 1357 et
613 1298 713 1375 segnis
735 1295 852 1377 Erinys.

27 1428 30 1433 -
123 1385 192 1448 inde
217 1384 357 1447 Genetaei
379 1380 486 1465 r'upem
508 1384 603 1466 louis,
626 1384 696 1445 hinc
719 1385 901 1446 Tibarenum

34 1496 37 1501 ·
121 1473 195 1536 dant
217 1474 330 1534 uirides
353 1481 420 1553 post
443 1481 526 1552 terga
548 1473 643 1554 lacus,
668 1474 719 1535 ubi
742 1473 843 1535 deside
867 1477 956 1535 mitra

123 1563 183 1624 ieta
206 1562 276 1640 ligat
297 1571 445 1642 partuque
468 1565 572 1623 uirum
595 1563 677 1623 louet
699 1564 764 1643 ipsa
787 1563 893 1624 soluto.

123 1669 179 1712 uos
202 1668 320 1730 quoque
345 1669 405 1711 non
426 1659 514 1711 notae
538 1653 636 1712 mirati
659 1651 726 1712 uela
749 1654 866 1712 carinae

122 1739 267 1821 Mossyni,
290 1757 345 1800 uos
368 1747 399 1800 et
422 1739 545 1801 stabulis
569 1739 723 1801 Macrones
747 1740 782 1801 ab
807 1741 873 1802 altis

122 1827 310 1908 Byzeresque
332 1830 400 1907 uagi
423 1828 618 1908 Philyraeque
643 1847 669 1888 ax
682 1831 801 1890 nominc
825 1828 904 1890 dicta

122 1917 223 1999 htora,
247 1935 322 1995 quae
346 1935 440 1978 cornu
462 1918 577 1998 pepulit
601 1917 748 1979 Saturnus
771 1919 890 1998 equino.

168 2005 297 2066 Ultimus
320 2005 388 2066 inde
412 2009 496 2068 sinus
519 2024 702 2086 saeuumque
726 2006 823 2067 cubile
846 2006 1018 2068 Promethei

122 2095 270 2176 cernitur,
293 2096 325 2154 in
347 2094 458 2174 gelidas
481 2114 667 2175 consurgens
690 2093 839 2156 Caucasus
862 2104 969 2157 arctos.

122 2183 171 2243 ille
196 2185 285 2244 etiam
308 2183 431 2245 Alciden
453 2184 569 2245 Titania
592 2185 651 2245 lata
673 2191 839 2245 morantem

122 2271 262 2333 attulerat
284 2279 349 2333 tum
371 2272 448 2334 sorte
472 2272 549 2354 dies3
571 2274 689 2352 iamque
711 2291 817 2352 aspera
840 2275 908 2333 nisu

122 2359 255 2438 undique
278 2361 451 2423 conuellens
473 2363 586 2422 ueteris
610 2380 679 2422 cum
702 2368 799 2440 strage
822 2364 947 2440 pruinae

29 2506 32 2513 .
123 2447 243 2510 uincula
265 2469 374 2528 prensa
396 2468 486 2509 manu
509 2451 587 2510 saxis
611 2449 774 2510 abduxerat
796 2451 864 2510 imis

122 2536 234 2598 arduus
258 2546 288 2600 et
311 2539 395 2598 laeuo
419 2540 541 2618 grauior
562 2538 652 2621 pede,
676 2546 819 2600 consonat
842 2540 947 2618 ingens

122 2624 286 2708 Caucasus,
310 2634 340 2687 et
364 2644 478 2687 summo
497 2629 611 2707 pariter
634 2645 703 2689 cum
724 2635 825 2688 monte
850 2635 968 2689 secutae

121 2713 287 2776 incubuere
304 2715 404 2776 trabes
428 2714 613 2795 abductaque
637 2717 758 2777 llumina
780 2724 881 2795 ponto.

121 2803 155 2864 iit
178 2804 290 2883 fragor,
314 2803 461 2864 aetherias
484 2823 540 2865 ceu
563 2804 697 2884 luppiter
720 2805 831 2866 arduus
854 2822 938 2866 arces
1043 2808 1047 2815 “

52 2951 55 2956 .
122 2890 278 2973 inpulerit,
300 2893 374 2953 imas
397 2911 502 2953 manus
525 2899 576 2952 aut
599 2892 747 2972 Neptunia
770 2901 876 2955 terras.

121 2979 241 3042 horruit
262 2982 432 3043 inmensum
454 2981 542 3042 Ponti
560 2981 651 3063 latus,
674 2980 792 3044 horruit
815 2985 911 3043 omnis

123 3067 279 3130 Armeniae
302 3078 476 3150 praetentus
499 3069 604 3151 Hiber,
627 3073 808 3151 penitusque
832 3089 956 3133 recusso

121 3175 251 3236 aequore
275 3156 405 3238 Cyaneas
428 3159 541 3240 Minyae
564 3161 691 3221 timuere
715 3161 841 3223 relictas.
929 3195 933 3202 ·

121 3252 187 3308 tum
209 3248 322 3326 gemitu
346 3251 486 3329 propiore
511 3246 630 3328 chalybs
654 3248 825 3329 densusque
850 3248 979 3309 reuulsis

121 3333 248 3415 rupibus
272 3336 368 3397 audiri
390 3338 501 3399 montis
523 3336 607 3397 labor
631 3345 661 3398 et
685 3356 775 3419 graue
799 3337 887 3398 Titan

114 3423 300 3506 uociferans,
323 3426 400 3487 suros
423 3426 554 3507 scopulis
577 3426 648 3486 dum
671 3427 794 3488 uellitnr
817 3434 908 3487 artus.

92 3514 209 3568 contra
231 3519 339 3575 autem
363 3517 464 3596 ignari
489 3509 576 3602 (quis
600 3518 683 3578 enim
703 3533 786 3578 nuno
808 3514 910 3576 credat
930 3517 965 3575 ’m
984 3513 1043 3575 illis

1088 332 1139 383 tto

1088 777 1139 827 140

1088 1219 1138 1270 tto

1089 2106 1139 2157 155

1090 3438 1150 3510 tro·
