2384 3878
103 183 164 248 118
447 183 777 266 cyncnnrraaccr

99 337 235 414 increpat
258 342 287 394 et
311 336 386 396 seris
409 331 574 396 Vulcanum
596 344 708 396 maesta
732 335 882 419 querellis,

101 425 187 484 cuius
209 423 401 486 flammiferos
424 423 508 508 uidet
530 426 610 486 inter
632 427 714 504 regia
737 432 838 486 tauros

99 531 211 592 pascua
234 512 406 575 Tartaream
427 512 589 591 proflantes
611 507 733 593 pectore
757 523 884 576 noctem.

102 601 177 663 haec
200 604 312 663 etenim
335 601 447 680 Minyas
467 619 504 662 ne
529 605 653 682 iungere
676 601 769 664 Marte
793 612 913 683 peracto

100 698 235 752 monstra
257 691 334 752 datis
357 689 458 751 iubeat
481 689 601 753 Cadmei
624 691 763 753 dentibus
787 693 883 772 hydri,

100 787 168 841 ante
191 780 270 841 diem
292 781 378 840 timet
401 787 434 840 et
449 781 548 842 uarias
571 782 775 860 circumspicit
793 788 881 842 artes

100 868 172 930 sola
185 870 283 929 animo
307 867 409 929 Medea
433 867 525 950 subit,
548 887 633 931 mens
656 872 753 930 omnis
775 872 807 930 in
830 888 889 931 una

101 959 232 1039 uirgine,
256 959 412 1019 nocturnis
437 976 494 1037 qua
513 957 593 1019 nulla
615 960 766 1038 potentior
789 961 857 1020 ario.

100 1046 180 1108 illius
203 1047 239 1107 ad
263 1048 400 1109 fremitus
424 1063 603 1127 sparsosque
626 1066 682 1127 per
706 1050 772 1109 auia
795 1067 884 1109 sucos

101 1137 199 1197 sidera
221 1136 278 1196 fixa
300 1143 411 1214 pauent
434 1141 465 1195 et
487 1137 536 1196 aui
559 1144 660 1216 stupet
683 1135 779 1197 orbita
799 1136 883 1198 Solis.

100 1231 196 1287 mutat
219 1243 306 1304 agros
329 1223 515 1302 ssuuiumquc
540 1227 616 1308 nias,
641 1243 714 1286 suus
737 1225 835 1304 alligat
858 1228 964 1306 ingens

102 1320 211 1375 cuncta
234 1331 336 1394 sopor,
359 1315 497 1392 recoquit
520 1313 615 1374 sessos
639 1321 734 1375 aetate
756 1321 897 1393 parentes

101 1402 210 1482 datque
234 1401 305 1462 alias
329 1403 392 1462 sine
416 1401 479 1480 lege
504 1401 596 1464 colus.
643 1402 718 1464 hanc
742 1405 868 1464 maxima
892 1401 977 1463 Circe

100 1491 240 1552 terrificis
263 1492 368 1552 mirata
390 1491 501 1571 modis,
523 1490 599 1552 hanc
623 1493 736 1553 aduena
759 1491 896 1573 Phrixus,

102 1582 239 1660 quamuis
262 1579 381 1640 Atracio
404 1579 505 1640 lunam
528 1598 666 1658 spumare
691 1597 808 1643 ueneno

103 1671 194 1729 sciret
218 1676 248 1730 ct
270 1667 441 1729 Haemoniis
465 1669 569 1747 agitari
594 1667 730 1731 cantibus
754 1667 883 1730 umbras.
930 1714 933 1719 .

102 1776 174 1836 ergo
197 1756 304 1836 opibus
323 1759 445 1836 magicis
469 1764 499 1818 ct
522 1759 692 1837 uirginitate
716 1758 902 1819 tremendam

102 1846 176 1907 luno
200 1847 270 1908 duci
294 1848 405 1907 sociam
428 1848 610 1928 coniungere
634 1849 751 1927 quaerit
773 1845 895 1908 Achiuo.

101 1954 162 1996 non
185 1935 271 1997 aliam
294 1937 388 1997 tauris
412 1935 495 1996 uidet
518 1943 548 1996 et
570 1935 762 1998 nascentibus
785 1939 875 1996 armis

102 2026 211 2103 quippe
234 2043 337 2104 parem
360 2042 416 2086 nec
440 2025 489 2084 cni
511 2025 608 2085 medio
632 2027 744 2088 stetin
767 2026 883 2103 agmine
907 2023 1048 2104 dammae,

102 2112 218 2174 nullum
240 2121 340 2175 mente
364 2114 460 2195 nefas,
483 2113 581 2174 nullos
604 2112 781 2176 horrescere
801 2116 894 2189 uisus.

10 2273 15 2276 ,
104 2203 175 2282 quid
199 2205 224 2264 si
248 2221 354 2264 caecus
377 2221 460 2264 amor
483 2222 651 2283 saeuusque
675 2205 836 2264 accesserit
858 2197 957 2281 ignis?

101 2290 172 2352 hinc
195 2291 324 2352 Ueneris
346 2291 490 2353 thalamos
514 2311 692 2373 semperque
715 2294 847 2353 recentia
872 2292 960 2353 sertis

103 2386 182 2440 tecta
204 2383 288 2459 petit.
334 2383 399 2441 uisa
422 2381 595 2442 iamdudum
616 2381 734 2460 prosilit
758 2380 824 2441 altis

103 2468 172 2529 diua
195 2470 270 2529 toris
293 2469 510 2548 uolucrumque
534 2472 685 2531 exercitus
708 2471 806 2530 omnis
828 2469 980 2528 Amorum.

103 2576 138 2618 ac
160 2561 244 2636 prior
266 2557 342 2618 hanc
365 2556 488 2637 placidis
511 2556 636 2638 supplex
661 2558 798 2620 Saturnia
821 2558 908 2618 dictis

75 2679 78 2685 ·
104 2647 277 2726 adgreditur
299 2665 389 2709 ueros
413 2655 550 2709 metuens
573 2649 689 2726 aperire
713 2650 845 2708 timores

105 2731 148 2795 ‘in
172 2735 308 2797 manibus
332 2755 400 2814 spes
423 2744 526 2798 nostra
549 2738 609 2797 tuis
632 2738 788 2816 omnisque
811 2741 944 2814 potestas

104 2820 197 2886 nunc'
221 2827 274 2906 ait3
299 2820 366 2885 ‘hoc
389 2843 427 2886 en
451 2827 509 2885 iam
532 2826 624 2904 magis
648 2824 744 2885 adnue
768 2841 840 2885 uera
863 2823 975 2882 fatenti.

105 2915 199 2975 durus
223 2921 256 2974 ut
278 2911 424 2992 Argohcis
448 2912 621 2992 Tirynthius
645 2913 744 2975 exulat
767 2914 837 2992 oris,

105 3021 191 3064 mens
215 3001 287 3064 mihi
305 3020 365 3063 non
389 3002 492 3062 eadem
510 3001 590 3063 louis
614 3009 702 3082 atque
726 3019 831 3063 auersa
854 2999 1002 3078 uoluntas,

105 3091 206 3153 nullus
228 3090 324 3153 honor
347 3089 483 3152 thalamis
506 3091 679 3152 tlammacue
703 3093 734 3151 in
757 3098 844 3151 nocte
868 3089 994 3166 priores.

106 3182 158 3262 da,
181 3198 303 3262 precor,
326 3181 449 3241 artificis
472 3179 577 3240 blanda
601 3179 800 3259 adspiramina
822 3172 933 3238 formae

107 3277 289 3349 ornatusque
313 3277 381 3330 tuos
404 3277 485 3330 terra
508 3267 649 3347 caeloque
672 3260 832 3347 potentes.'

107 3359 202 3420 sensit
224 3357 294 3419 diua
316 3358 401 3419 dolos
423 3360 482 3419 iam
503 3357 620 3437 pridem
643 3363 748 3435 sponte
772 3355 930 3434 requirens

98 3445 243 3506 Colchida
266 3454 299 3510 el
319 3449 412 3510 inuisi
435 3465 530 3528 genus
554 3464 640 3507 omne
664 3443 822 3505 excindere
845 3440 967 3503 Phoebi.

78 3535 150 3591 tum
174 3552 253 3598 uero
278 3539 396 3620 optatis
417 3540 556 3623 potitnr3
579 3554 638 3600 nco
659 3550 749 3618 passa
767 3533 889 3614 precari
