2384 3878
499 207 548 262 AD
566 208 634 262 LIB.
653 207 699 261 III.
1003 202 1107 260 XXXV

86 359 292 419 necessarium
328 362 376 418 est
410 360 461 417 uel
497 359 535 417 ob
572 359 709 433 apertam
745 357 946 416 Imitationem
977 356 1106 432 Vergilii

91 447 179 524 [VIII
203 444 260 523 56]
286 441 352 506 ‘hos
376 447 485 506 castris
509 446 617 505 adhibe
641 438 758 504 socios'.

179 538 243 596 416
267 536 372 594 malim
394 528 547 611 ‘placilis'.

178 627 245 684 420
268 627 382 684 auersis
400 624 520 699 scripsi:
545 624 678 683 oeceses
695 622 731 680 V.

179 715 244 773 430
267 713 372 771 malim
394 705 454 771 ‘ast
477 712 583 788 Argoa
604 705 732 770 manus’.

178 803 245 861 440
272 806 388 876 terpora
415 800 534 876 scripsi:
560 805 683 878 pectora
709 798 746 858 V.
777 830 816 840 -
840 802 955 872 purtim
981 798 1105 857 Aldina:

82 895 203 964 partem
224 890 261 948 V.

179 980 244 1037 444
267 995 422 1038 ιιιιιιιινιιιιι
443 975 618 1036 WIthofius:
641 994 847 1050 nemorumque
868 975 905 1033 V.

101 1110 106 1115 -
179 1069 243 1127 467
267 1069 365 1128 maria
388 1066 508 1142 scripsi:
531 1082 651 1125 aemma
672 1064 709 1124 V.

180 1157 244 1215 469
274 1159 364 1214 tentat
390 1155 509 1230 scripsi:
542 1156 609 1213 tend
635 1153 663 1211 V
695 1154 739 1212 Ita
767 1157 802 1211 ut
834 1171 911 1228 quae
939 1156 1105 1228 sequuntur

86 1244 210 1304 litterae
232 1262 310 1302 nunc
333 1244 396 1320 legi
417 1247 577 1319 nequeant.
626 1235 629 1240 ’

180 1333 244 1392 473
266 1334 370 1407 frayor
393 1331 513 1407 scripsi:
537 1333 620 1391 labor
642 1331 670 1387 V
691 1332 802 1406 inepte.

179 1422 244 1480 474
267 1425 343 1480 retro
367 1421 486 1495 scripsi:
509 1437 588 1480 remo
610 1420 646 1477 V.

179 1510 241 1568 481
267 1511 416 1569 ardentior
439 1509 557 1584 scripsi:
581 1509 734 1568 andentior
751 1507 788 1583 V,
810 1507 843 1565 in
866 1525 924 1582 quo
949 1524 1038 1582 saepe
1062 1500 1106 1564 ‘n'

87 1601 119 1656 et
147 1590 186 1655 ‘r'
213 1593 334 1656 litterae
362 1597 512 1657 confusae.
558 1598 594 1656 de
617 1596 765 1672 producta
786 1596 911 1655 uoculae
940 1587 1104 1667 ‘Phoebus’

86 1685 197 1745 ultima
219 1686 256 1745 cf.
274 1686 306 1745 H
321 1687 384 1745 225
400 1679 511 1746 ‘metus
525 1679 622 1763 adeo',
644 1685 693 1744 HI
708 1686 772 1744 234
789 1678 925 1760 ‘sanguis
940 1677 1104 1760 exuberet',

86 1773 131 1833 VI
156 1776 220 1834 152
245 1768 366 1834 ‘saeuus
389 1768 505 1850 honcr',
529 1775 573 1832 VI
592 1776 655 1833 305
681 1768 815 1848 ‘genitor
833 1765 953 1848 inquit',
975 1772 1020 1830 VI
1041 1775 1107 1832 572

87 1855 245 1922 ‘breuibus
269 1855 412 1939 ereptus’.
455 1900 457 1904 -

177 1954 242 2011 483
267 1969 335 2012 atero
357 1951 518 2010 Maserius:
541 1954 607 2011 :ciro
629 1951 664 2009 V.
698 1986 701 1990 -

178 2040 244 2102 500
267 2041 378 2100 aethere
399 2040 556 2100 Francius:
585 2057 707 2114 aequore
729 2040 765 2099 V.

179 2129 243 2189 503
265 2147 365 2189 moras
386 2129 591 2189 Burmannus:
614 2131 699 2203 nefas
721 2129 757 2187 V.

178 2218 243 2276 506
263 2222 399 2291 uatesque
420 2217 499 2276 odda
523 2223 673 2319 6616111966
695 2216 731 2275 V.

179 2308 241 2365 517
267 2307 414 2366 debuerim
437 2305 558 2384 scripsi:
580 2308 735 2366 debumom
757 2306 793 2364 V

177 2395 242 2453 524
264 2397 364 2455 stricto
387 2400 414 2453 et
435 2399 549 2470 corpeus
569 2396 791 2454 Reincsiuszt
765 2401 791 2454 et
812 2397 914 2508 stricto
935 2401 1046 2471 emotus
1068 2397 1105 2458 V

178 2483 242 2542 527
261 2484 353 2557 pulsa
374 2483 420 2541 M:
437 2485 551 2585 plausa
573 2484 609 2543 V.

178 2573 241 2631 537
270 2589 359 2631 carus
386 2573 505 2647 scripsi:
535 2575 632 2631 clarus
664 2572 692 2628 V
723 2575 909 2648 inepte.—
941 2555 1103 2647 montesque

85 2660 207 2736 scripsi·
230 2662 295 2734 font
294 2677 377 2734 esque
401 2660 637 2717 V..

177 2749 240 2808 558
268 2752 353 2822 quaet
380 2749 498 2823 scripsi.
526 2751 568 2807 sc'o
595 2749 631 2806 V
678 2742 753 2806 ceu’
782 2749 937 2810 Heinsius
984 2752 1105 2828 syllaba

85 2830 169 2914 qua'
192 2837 348 2896 intercidit
368 2830 472 2912 post
474 2830 575 2914 uaga',
598 2837 668 2896 dem
690 2856 727 2896 ex
749 2830 799 2897 ‘si'
822 2832 970 2898 factum‘
973 2833 1036 2898 sic'.

176 2926 240 2986 560
276 2927 320 2985 ml
358 2928 465 2986 :crabro
506 2944 656 3000 comaeque
696 2929 880 3000 :abaciaco
915 2945 1005 2987 eomas
1040 2947 1103 3004 eqs.

83 3014 185 3092 Hylae
210 3033 347 3074 somnum
370 3002 455 3094 (nam
477 3034 506 3074 u.
534 3015 598 3075 557
624 3009 831 3091 procumbere
859 3033 915 3090 pro
940 3008 1100 3075 obdormi-

85 3096 180 3162 scere'
203 3103 336 3178 posItum
359 3107 418 3180 est,
445 3107 481 3162 ut
504 3105 596 3163 etiam
622 3103 667 3162 IV
694 3105 737 3163 20
765 3104 796 3162 et
824 3102 915 3180 Verg.
944 3104 1020 3163 VIII
1044 3098 1102 3186 30)

85 3210 216 3268 quonam
247 3192 335 3251 modo
367 3192 505 3270 turbauIt
543 3194 688 3253 siluarum
724 3190 852 3250 umbra?
889 3193 1010 3269 reposui
1047 3187 1103 3252 m'l

85 3274 186 3339 unda'.
231 3280 292 3339 iarn
319 3281 399 3340 enim
426 3284 508 3340 recte
535 3282 666 3357 primum
693 3299 789 3359 aquae
816 3281 961 3358 labentis,
994 3281 1102 3340 deinde

84 3368 199 3428 frondis
223 3370 373 3429 siluestris
396 3370 503 3430 sibilus
526 3373 785 3431 commemoratur.

175 3459 237 3518 591
262 3459 401 3520 discurrit
422 3459 541 3534 scripsi:
565 3461 691 3519 decurret
713 3459 750 3519 V.

173 3546 237 3607 593
260 3549 325 3608 uiri-
342 3547 592 3629 Peerlkampius:
614 3552 693 3612 uisis
712 3550 757 3610 V.

895 3643 931 3698 &a
