2384 3878
121 189 185 255 112
461 186 490 244 G.
509 185 647 242 vicum
663 183 795 243 uidcor

119 341 199 405 nube
222 348 306 420 pater
329 341 506 418 prensisque
530 338 662 415 equitem
685 338 827 416 cognouit
849 335 981 398 habenis.
1082 346 1136 398 sto

120 440 151 492 at
172 432 285 511 pariter
307 429 449 507 luctuque
472 427 576 489 furens
599 427 728 504 uisuque
750 425 886 489 Medores

119 518 310 600 Tyndariden
332 519 407 597 petit
430 524 461 578 et
483 533 608 596 superos
631 517 675 577 sic
698 533 773 576 uoce
795 522 950 595 precatur:

120 605 215 671 ‘nuno
239 626 292 687 age
314 607 365 667 uel
387 623 474 669 caeso
498 607 637 666 comitem
659 623 707 666 me
726 603 842 667 reddite
865 605 952 666 fratri

119 701 237 780 primus
260 696 309 758 uel
331 703 434 757 nostra
457 698 576 774 sonipes
600 693 684 755 cadat
707 696 815 773 impius
838 693 931 775 hasta,

123 786 236 850 credita
254 787 306 865 qui
328 787 438 846 misero
461 802 522 846 non
544 783 661 845 rettulit
684 801 765 845 arma
787 785 905 862 parenti
1085 789 1138 843 elo

89 880 92 885 '
123 894 230 955 meque
254 876 338 936 uenit
361 881 465 934 contra
488 875 664 954 captiuaque
688 879 771 952 terga
793 865 963 935 ministrat?

122 965 251 1046 dixerat3
274 963 376 1024 Actaei
399 963 452 1023 sed
474 980 544 1023 eum
566 962 649 1041 prior
672 960 756 1022 hasta
778 961 897 1023 Phaleri

124 1054 227 1134 deicit;
251 1053 286 1114 ad
310 1053 405 1113 socias
428 1054 548 1130 sonipes
571 1053 648 1112 citus
672 1051 774 1129 effugit
798 1051 866 1111 ales.

170 1141 320 1214 Quis-tihi
343 1140 446 1201 fatales
469 1158 611 1218 umquam
634 1141 790 1199 metuisset
812 1137 947 1218 Amyclas

125 1230 335 1309 Oebaliamque
358 1247 488 1309 manum,
510 1234 564 1309 tot,
586 1227 755 1309 Rhyndaco,
777 1227 929 1289 montibus
952 1229 1032 1290 inter
1081 1237 1140 1289 220

125 1320 222 1381 diuiso
245 1317 427 1396 totidemque
451 1312 559 1378 fretis?
582 1316 660 1378 cadit
682 1319 799 1397 inpiger
821 1335 881 1379 una

124 1410 247 1488 inguine
270 1407 437 1469 transfosso
460 1407 533 1468 clari
556 1405 707 1468 Taulantis
730 1406 867 1468 alumnus

126 1497 256 1559 semidea
278 1498 429 1576 genetrice
453 1494 561 1577 Tages,
585 1497 634 1556 cui
655 1495 784 1574 plurima
807 1496 891 1557 siluis

125 1586 283 1666 peruigilat
305 1592 438 1646 materna
461 1602 547 1645 soror
571 1584 728 1662 cultusque
751 1584 875 1646 laborat.

127 1677 228 1736 tenuia
250 1692 311 1735 non
333 1673 417 1734 illum
440 1673 593 1735 candentis
617 1673 738 1734 carbasa
759 1673 821 1755 lini,

126 1783 188 1825 non
212 1782 285 1825 auro
309 1763 426 1843 depicta
450 1762 594 1843 chlamys,
617 1781 677 1824 non
700 1763 777 1824 flaua
799 1763 893 1842 galeri

127 1855 274 1916 caesaries
296 1855 436 1932 pictoque
459 1853 565 1914 iuuant
587 1851 787 1932 subtegmine
811 1852 926 1914 bracae.

127 1946 244 2022 iamque
269 1959 366 2003 nouus
389 1940 503 2002 mediae
527 1943 692 2020 stupefacta
713 1960 769 2021 per
792 1943 908 2021 agmina
929 1959 1048 2022 pugnae

127 2031 211 2091 uadit
233 2048 325 2109 eques
348 2029 440 2091 densa
463 2048 605 2110 spargens
623 2029 740 2091 hastilia
763 2031 879 2111 dextre,

128 2119 364 2198 fulmineumque
387 2119 461 2180 uiris
484 2120 616 2198 profusis
638 2123 748 2199 ingerit
771 2138 873 2181 ensem
1090 2132 1140 2182 eeu

128 2208 187 2269 huc
211 2208 342 2268 alternus
367 2216 397 2270 et
414 2206 486 2288 huc;
511 2228 580 2270 cum
603 2211 720 2271 saeuior
743 2228 813 2271 ecce
837 2211 980 2270 iuuentus

129 2296 308 2359 Sarmaticae
322 2299 421 2358 coiere
444 2315 550 2359 manus
573 2300 769 2378 fremitusque
793 2300 929 2359 uirorum

129 2385 273 2465 semifer13
296 2387 373 2463 riget
396 2385 443 2446 his
465 2387 547 2447 molli
569 2388 661 2448 lorica
684 2395 799 2467 eatena3

128 2473 159 2534 id
183 2468 302 2554 quoque
325 2482 445 2553 tegmen
468 2477 566 2555 equis3
590 2485 619 2537 at
642 2477 712 2554 equi
734 2484 872 2554 porrecta
893 2493 949 2555 per
972 2492 1072 2538 armos

129 2571 160 2625 et
183 2572 271 2644 caput
293 2565 445 2643 ingentem
468 2567 579 2644 campis
602 2563 760 2626 hostilibus
783 2564 919 2626 umbram
1091 2574 1142 2627 scd

129 2653 188 2713 fert
211 2652 292 2713 abies
315 2651 423 2714 obnixa
445 2671 523 2731 genu
547 2654 688 2733 uaditque
712 2658 811 2716 uirum
834 2656 874 2735 ui,

129 2742 212 2802 uadit
234 2760 358 2822 equum,
381 2741 484 2803 docilis
506 2742 599 2823 relegi
623 2743 786 2823 docilisque
809 2745 915 2822 reponi

130 2837 218 2909 atque
241 2833 350 2891 iterum
373 2831 486 2892 medios
510 2850 570 2892 non
593 2833 705 2893 tardior
727 2836 771 2894 ire
789 2851 844 2911 per
866 2832 977 2895 hostes.

130 2918 252 2980 orbibus
271 2917 325 2978 hos
348 2919 458 2997 rapidis
481 2920 620 2999 mollique
644 2940 698 3000 per
721 2939 850 3000 aequora
874 2920 978 2983 Castor

131 3010 265 3069 anfractu
288 3007 410 3070 leuioris
434 3011 504 3088 equi
527 3009 641 3072 deludit
664 3011 784 3072 anhelos
1090 3022 1142 3072 240

129 3099 369 3177 inmemoresque
392 3101 481 3179 mori3
505 3099 557 3160 sed
580 3118 641 3160 non
663 3100 759 3161 isdem
782 3101 896 3162 artibus
919 3117 1014 3180 aeque

131 3195 315 3248 concurrunt
338 3187 477 3267 ultroque
502 3196 595 3250 ruunt
618 3192 649 3250 in
672 3189 778 3251 funera
801 3189 911 3251 Colchi.

132 3273 293 3355 Campesus
316 3278 433 3356 inpacta
455 3278 533 3339 latus
556 3281 634 3339 inter
658 3287 688 3340 et
710 3279 759 3340 ilia
782 3298 898 3358 quercu

131 3363 246 3424 tollitur
269 3366 453 3427 comediam
476 3369 606 3428 moriens
630 3369 784 3430 descendit
806 3370 838 3429 in
860 3368 985 3430 hastam.
1061 3358 1069 3370 ’

124 3450 263 3513 Oebasus
284 3454 431 3518 infestum
453 3458 613 3518 summisso
637 3457 747 3537 poplite
770 3456 901 3519 Phalcen
1092 3468 1143 3522 stt

106 3543 247 3604 euasisse
270 3552 361 3609 ratus
382 3547 513 3614 laeuum
534 3567 591 3632 per
611 3547 737 3611 luminis
759 3545 867 3610 orhem
