2384 3878
338 211 630 270 ARGONAUTICON
647 213 795 270 LIBERI.
1029 217 1071 294 21

144 362 286 423 Tartareo
309 369 374 423 tum
398 381 480 423 sacra
504 362 568 424 loni
592 362 761 444 Stygiisque
785 364 901 426 ferebat
1018 379 1070 433 730

53 452 191 513 manibus
214 451 364 513 Alcimede
387 460 472 513 tanto
496 471 587 533 super
610 455 796 534 aurianam,

54 541 153 622 siquid
177 540 213 602 ab
237 543 341 602 excitis
364 541 471 603 melius
493 551 706 622 praenosceret
728 542 851 605 umbrie.

54 634 153 712 ipsum
177 632 266 692 etiam
291 632 431 711 curisque
454 649 557 711 parem
580 632 714 711 talesque
737 641 925 712 prementem

55 721 144 782 corde
168 727 267 782 metus
290 721 385 802 ducit,
409 720 525 782 facilem
548 729 660 803 tamen,
684 721 799 782 Aesona
823 725 962 786 coniunx.

54 813 85 872 in
110 809 267 871 scrobibus
291 828 381 870 cruor
404 817 434 871 et
457 808 556 890 largus
579 810 803 890 Phlegethontis
827 815 924 893 operti
1019 822 1071 876 705

54 908 171 978 stagnat
193 899 302 981 honoS,
325 916 475 978 saeuoque
498 907 586 960 uocat
609 899 777 980 grandaeua
800 900 930 963 tumultu
1171 904 1173 909 '

54 988 206 1050 Thessalis
229 991 379 1050 exanimes
402 996 505 1050 atauus
528 1007 710 1068 magnaeque
734 999 873 1071 nepotem

54 1076 202 1140 Pleiones.
248 1086 278 1138 et
301 1080 358 1138 iam
381 1085 489 1140 tenues
513 1079 549 1140 ad
573 1080 704 1139 carmina
726 1077 828 1140 uultus
1005 1146 1008 1151 ,

55 1167 202 1228 extulerat
225 1174 412 1245 maestosque
436 1177 524 1229 tuens
548 1176 709 1247 natumque
732 1185 911 1248 nurumque.

54 1256 125 1316 talia
147 1255 237 1318 libato
260 1256 407 1334 pandebat
430 1259 573 1336 sanguine
597 1256 755 1319 Cretheus:
1020 1267 1072 1320 740

57 1339 153 1406 ‘mitte
178 1353 289 1425 metus,
312 1345 393 1406 uolat
411 1345 459 1406 ille
483 1349 558 1406 mari
582 1353 784 1426 quantumque
807 1348 997 1427 propinquat,

54 1436 114 1495 iam
137 1437 230 1514 magis
254 1433 350 1514 adque
374 1437 467 1514 magis
489 1437 582 1496 uariis
605 1443 706 1514 stupet
728 1435 788 1495 Aea
811 1435 935 1496 deorum

55 1523 199 1604 prodigiis
223 1525 419 1603 quatiuntque
443 1533 545 1586 truces
568 1523 687 1585 oracula
710 1523 845 1586 Colchos.

55 1611 116 1674 heu
139 1612 249 1692 quibus
271 1613 439 1692 ingreditur
463 1611 563 1675 factis!
576 1615 639 1693 qni
662 1613 801 1692 gentibus
823 1613 933 1673 horror

56 1700 168 1781 pergit!
192 1720 260 1762 mox
285 1700 421 1781 Scythiae
445 1703 548 1782 spohis
571 1701 757 1781 nuribusque
782 1701 930 1783 superbus
1021 1710 1073 1762 745

57 1789 209 1871 adueniet3
232 1808 373 1870 cuperem
396 1793 460 1870 ipse
484 1809 591 1870 graues
614 1800 679 1852 turn
701 1809 841 1871 rumpere
865 1799 971 1851 terras.

57 1879 110 1940 sed
133 1877 188 1941 tibi
210 1881 297 1940 triste
320 1879 405 1940 nefas
427 1879 616 1959 fraternaque
640 1879 778 1941 turbidus
801 1896 883 1940 arma

57 1986 119 2029 rex.
134 1976 219 2048 parat
242 1977 272 2030 et
296 1985 401 2029 saeuos
424 1969 538 2030 irarum
561 1971 691 2049 concipit
713 1971 805 2048 lgnes.

57 2058 129 2136 quin
152 2059 232 2136 rapis
255 2057 331 2117 hanc
355 2059 482 2118 animam
505 2066 535 2119 et
558 2058 683 2119 famulos
707 2059 785 2120 citus
809 2057 914 2137 effugis
936 2049 1038 2118 ictus?

56 2146 75 2228 i,
98 2164 184 2207 meus
208 2165 254 2229 es,
276 2148 334 2207 iam
356 2155 386 2207 te
410 2149 441 2207 in
464 2147 547 2208 lucos
570 2150 618 2228 pia
641 2146 730 2209 turba
753 2145 894 2208 silentum
1021 2155 1074 2205 750

57 2237 242 2314 secretisque
267 2237 325 2295 ciet
348 2234 476 2296 uolitans
499 2243 584 2315 pater
607 2234 716 2296 heolus
739 2229 842 2296 aruis?

145 2321 271 2385 Horruit
293 2325 409 2385 interea
432 2324 574 2385 famulum
598 2324 725 2386 clamore
750 2341 890 2404 supremo

56 2422 169 2474 maesta
193 2413 312 2496 domus,
334 2431 495 2493 regemque
519 2413 604 2475 furor
626 2432 681 2494 per
704 2415 820 2475 moenia
842 2413 942 2475 differt

56 2501 137 2563 mille
162 2503 241 2562 ciere
264 2520 369 2563 manus
393 2510 423 2563 et
445 2504 504 2564 iam
527 2503 597 2564 dare
620 2506 700 2564 iussa
723 2504 846 2565 uocatis.

56 2590 216 2671 flagrantes
240 2609 306 2651 aras
329 2600 504 2671 uestemque
527 2609 692 2670 nemusque
717 2591 856 2652 sacerdos
1022 2597 1075 2649 755

56 2680 248 2762 praecipitat,
272 2678 438 2759 subitisque
461 2698 574 2760 paucus
598 2681 802 2759 circumspicit
824 2677 931 2761 Aeson,

58 2768 130 2848 quid
153 2775 280 2830 moueat.
325 2770 410 2847 quasi
433 2767 524 2829 multa
547 2768 593 2829 leo
617 2776 775 2830 crinctatur
797 2769 828 2828 in
852 2774 915 2828 arta

57 2857 134 2919 mole
159 2859 258 2918 uirum
282 2859 450 2937 rictumque
474 2876 596 2937 gemens
619 2866 650 2918 et
672 2857 783 2919 lumina
805 2859 929 2938 pressit:

59 2949 102 3007 sic
127 2964 215 3007 curae
240 2944 359 3007 subiere
383 2946 503 3027 ducem,
526 2947 678 3008 ferrumne
702 2955 837 3027 capessat

57 3033 167 3096 inbelle
192 3042 280 3114 atque
305 3037 372 3096 aeni
395 3038 495 3096 senior
518 3038 681 3114 gestamina
703 3038 792 3116 primi
1023 3045 1078 3098 700

58 3142 96 3184 an
118 3132 221 3204 patres
244 3125 388 3204 regnique
413 3132 499 3185 acuat
520 3123 661 3186 mutabile
685 3124 803 3203 iudgus.

60 3221 166 3274 contra
190 3213 284 3274 eflusa
306 3230 412 3274 manus
434 3212 621 3293 haerensque
645 3215 676 3274 in
698 3221 821 3293 pectore
845 3213 975 3275 coniunx

60 3296 120 3362 ‘me
145 3296 277 3382 quoque'
302 3303 342 3363 ait
365 3297 464 3363 ‘casus
487 3304 626 3363 comitem
649 3305 829 3383 quicumque
852 3304 1033 3382 propinquat

60 3391 203 3473 accipies,
227 3408 282 3452 nec
306 3391 365 3452 fata
387 3389 502 3451 traham
526 3398 687 3471 natumque
712 3390 820 3452 uidebo

57 3485 87 3540 te
112 3480 191 3561 siue,
214 3488 259 3541 sat
282 3480 356 3541 caeli
378 3482 507 3562 patiens,
531 3499 599 3541 cum
621 3483 717 3561 prima
739 3497 794 3561 per
817 3479 912 3542 altum
1023 3488 1082 3537 777

57 3566 124 3628 uela
147 3567 240 3651 dedit,
260 3571 348 3648 potui
372 3587 448 3651 quae
472 3578 593 3634 tantum
614 3570 700 3635 ferro
723 3564 878 3633 dolorem?
