2384 3878
875 114 882 149 l

85 182 151 247 104
428 179 457 237 (l.
476 181 614 235 VALERJ
632 179 761 236 runem

83 351 140 393 nec
163 344 256 394 uocer
278 330 406 393 ulterius
428 330 528 410 proles
551 330 644 412 louis,
668 330 784 392 excidat
806 332 863 391 iste

8 410 11 415 ’
84 423 116 482 ni
140 420 194 481 tibi
218 420 307 481 corde
331 427 444 481 tumor:
467 419 557 481 lituos
580 422 671 480 miser
695 437 835 498 armaque
859 419 925 479 laxo

83 511 184 571 oderis
207 517 237 571 et
259 511 365 589 peinais
388 509 515 569 adimam
538 517 587 570 tua
610 510 733 569 numina
756 508 850 569 bellis.
1049 518 1105 569 ooo

84 602 156 679 quin
181 598 269 659 simili
291 607 426 680 matrem,
449 597 581 678 demens,
604 596 686 657 rabie
710 606 777 658 ante
801 593 925 676 petisti?

83 689 173 768 digna
195 686 328 768 quidem,
351 695 519 748 monstrum
543 689 660 767 superis
685 705 759 765 quae
782 684 841 746 tale
865 687 988 746 creauit.

84 776 164 857 quod
187 784 287 838 tamen
310 776 467 856 adgressae
490 775 589 837 scelus
612 784 662 836 aut
686 794 745 854 quo
769 776 893 836 crimine
917 781 1029 856 sontes,

84 869 109 933 si
132 868 287 947 iuuenem,
311 867 362 944 qui
385 867 465 926 iussa
489 867 536 925 sui
558 872 619 925 tam
637 864 701 924 dira
718 866 836 944 tyranni

83 956 243 1034 impauidus
266 957 358 1014 maria
381 963 411 1015 et
433 954 565 1015 nondum
590 957 641 1033 qui
664 962 733 1014 nota
758 952 884 1033 subibat,
1047 963 1103 1014 boo

83 1045 215 1105 iuuimus
238 1052 269 1104 et
291 1045 405 1122 magnis
429 1043 557 1122 aliquam
579 1061 663 1123 spem
685 1044 835 1104 mouimus
858 1036 959 1102 ausis?

83 1151 121 1193 an
144 1132 239 1194 nullas
261 1134 396 1211 perferre
419 1151 525 1210 preces
548 1150 604 1193 nec
628 1131 748 1192 foedera
770 1133 850 1210 regis

83 1221 143 1282 ulla
167 1224 266 1301 sequi,
290 1239 378 1281 caeca
401 1220 453 1280 sed
476 1227 584 1281 cuncta
606 1221 749 1299 inpellere
773 1238 873 1299 pugna

85 1306 264 1370 debuimus?
287 1312 331 1370 sic
354 1309 485 1370 Thraces
508 1317 612 1392 agunt,
636 1312 679 1370 sic
703 1308 841 1371 turbidus
864 1311 930 1389 iste,

84 1400 170 1478 siqua
192 1400 275 1478 petit.
305 1417 446 1478 cuperem
469 1399 542 1460 haec
566 1401 654 1460 etiam
677 1417 757 1459 nunc
780 1397 856 1460 bella
880 1398 993 1459 remitti
1049 1407 1101 1457 ooo

82 1506 139 1548 nec
163 1490 258 1548 socias
282 1506 396 1549 armare
419 1507 533 1549 manus.
579 1488 616 1548 da
638 1487 763 1570 uellera,
785 1494 894 1568 rector,

84 1584 115 1637 et
138 1576 234 1636 medio
258 1595 313 1636 nos
337 1595 427 1637 cerne
450 1579 533 1636 mari.
579 1576 659 1657 quod
683 1579 729 1637 sin
752 1595 787 1636 ea
810 1576 929 1635 Mauors

85 1663 211 1743 abnegat
234 1672 265 1725 et
287 1664 369 1725 solus
392 1668 504 1726 nostris
528 1664 687 1726 sudoribus
711 1664 818 1746 obstat,

48 1754 53 1763 '
83 1753 194 1814 ibimus
217 1753 374 1814 indecores
398 1755 568 1833 frustraque
593 1763 637 1815 tot
660 1772 788 1833 aequora
812 1747 939 1814 uectae?

83 1861 147 1903 mas
171 1841 285 1922 aliquae
309 1852 450 1925 nequeat,
474 1846 500 1904 si
523 1838 653 1905 femina?
677 1852 816 1922 coeperat
839 1841 946 1902 ardens
1047 1852 1101 1902 olo

32 1947 35 1953 '
82 1931 132 1991 hio
155 1934 264 1992 iterum
288 1931 409 1992 alternis
431 1931 550 1993 Mauors
573 1935 729 2010 insurgere
753 1932 849 1993 dictis.

83 2022 193 2098 excipit
215 2020 285 2079 hinc
308 2028 411 2081 contra
433 2028 519 2099 pater
542 2028 572 2081 et
595 2024 638 2082 sic
662 2039 736 2081 uoce
761 2021 915 2081 cohercet:

84 2103 167 2188 ‘quid
189 2127 300 2169 uesane
325 2106 449 2170 fremis?
472 2128 541 2169 cum
564 2128 619 2170 uos
642 2111 701 2169 iam
723 2113 857 2188 poenitet
881 2111 938 2169 acti

82 2205 299 2277 peccatumque
323 2200 407 2279 satis,
432 2207 514 2281 tuno¹
527 2197 562 2258 ad
585 2217 651 2259 mea
674 2200 739 2259 iura
761 2201 880 2259 uenitis.

86 2284 219 2364 quolibet
241 2289 298 2346 ista
320 2286 422 2367 modo,
446 2306 632 2366 quacumque
656 2286 788 2365 inpellite
811 2305 920 2367 pugna,
1047 2297 1101 2347 cut

85 2391 160 2452 quae
184 2376 338 2456 coepistis,
361 2374 471 2435 habent
494 2378 634 2453 quoniam
657 2393 711 2435 sua
734 2377 793 2436 lata
815 2376 942 2436 furores.

14 2517 18 2523 .
86 2469 115 2522 te
138 2470 238 2522 tamen
261 2461 331 2544 hoc,
355 2465 499 2545 coniunx,
522 2472 552 2524 et
574 2472 617 2546 te,
641 2481 705 2523 mea
728 2472 810 2546 nata,
833 2463 974 2525 monebo:

87 2553 126 2611 sit
148 2550 261 2612 Persen
283 2552 434 2632 pepulisse
459 2555 544 2634 satis,
567 2571 623 2614 nec
646 2572 722 2614 uana
745 2561 876 2615 retentet

83 2659 153 2719 spes
176 2640 288 2721 Minyas
311 2642 439 2703 smemue
462 2642 558 2703 uelint
579 2644 722 2723 inponere
745 2642 831 2703 bello.

82 2729 167 2789 illum
190 2732 301 2790 etenim
324 2731 391 2791 talis
413 2750 516 2792 rerum
539 2740 652 2812 manet,
676 2734 813 2814 accipite,
837 2733 918 2793 ordo.
1047 2743 1100 2793 oso

82 2820 163 2878 uicta
185 2825 268 2879 retro
290 2837 371 2879 nuuc
394 2828 490 2880 castra
514 2819 594 2881 dabit
616 2820 786 2899 bellumque
809 2823 943 2883 remittet

82 2909 208 2968 territus
231 2907 363 2967 aduentu
387 2907 472 2968 drrcis
496 2916 526 2968 et
549 2911 661 2970 uirtute
685 2909 814 2988 Pelasgi:

84 3014 153 3055 mox
176 2995 228 3055 ubi
251 2995 429 3056 Thessalicis
452 2997 585 3058 referent
607 2998 663 3058 hos
685 2998 803 3059 ssamina
826 3001 925 3081 terris,
998 3002 1000 3007 '

82 3091 156 3145 tunc
180 3083 275 3146 aderit
298 3087 455 3164 uictorque
479 3086 583 3147 domos
606 3095 637 3146 et
660 3095 778 3166 sceptra
801 3087 924 3170 tenebit,

82 3172 178 3232 donec
202 3181 232 3233 et
255 3173 366 3235 Aeeten
389 3177 487 3255 inopis
510 3183 578 3254 post
600 3174 687 3255 longa
710 3185 847 3239 senectae
1047 3187 1101 3238 aab

85 3261 173 3321 exilia
196 3261 256 3323 heu
278 3266 392 3342 magnis
416 3264 633 3343 quantumlibet
655 3267 736 3345 inpia
758 3266 826 3326 fatis

82 3359 151 3411 nata
165 3352 259 3412 iuuet
282 3351 448 3432 Graiusque
471 3372 565 3432 nepos
589 3356 620 3415 in
643 3372 735 3434 regna
757 3362 894 3436 reponat,

80 3438 130 3498 hic
153 3439 236 3501 labor
259 3440 472 3521 amborumque
496 3442 568 3503 haec
592 3451 662 3505 sunt
685 3443 856 3503 discrimina
878 3444 1012 3505 fratrum.

82 3527 184 3589 uadite
208 3536 238 3590 et
261 3529 409 3611 aduersis,
432 3540 466 3592 ut
489 3533 556 3610 quis
581 3531 673 3614 uolet,
696 3535 797 3592 inruat
820 3528 930 3595 armis?
