2384 3878
123 184 175 240 XII
521 184 738 239 PRAEFATIO.

123 334 203 394 eninr
231 335 343 395 inerint
372 300 423 412 331
446 332 725 412 interpolationibus
748 333 946 411 Argonautica
974 332 1140 394 deformata

124 442 191 484 esse
216 431 373 503 negarent,
397 422 469 481 mihi
493 432 591 482 tamen
620 421 656 481 de
679 421 734 481 lrao
757 440 790 480 re
814 421 900 500 plane
925 429 1049 481 constat.
1096 425 1139 482 sio

122 530 166 571 ex.
199 530 242 590 gr.
275 530 335 571 non
370 519 469 589 potest
505 529 565 570 non
597 511 705 570 referri
741 510 776 569 ad
814 512 952 570 criticum
990 511 1137 588 quendam

123 601 202 678 quod
233 608 302 679 post
339 599 432 659 uerba
468 607 609 678 corrupta
647 616 810 677 maneaque
848 597 914 675 [Vll
951 595 1030 676 201]
1069 595 1138 658 ‘hoe

124 691 195 749 satis
233 692 297 768 ipse
335 690 423 747 etiam
455 696 591 766 spectare
624 681 792 766 supremos'
825 686 873 746 hie
906 689 937 746 in
970 686 993 744 V
1029 688 1140 766 legitur

121 795 231 842 331333,
257 772 296 837 ‘ei
323 777 395 836 mihi
422 794 548 836 nec-asus
575 778 663 836 etiam
691 783 825 855 spectare
849 772 1027 854 supremos'.
1073 777 1139 836 31113

122 877 241 944 quoque
268 866 342 925 loeis
374 873 434 924 tam
466 859 567 944 aperta
595 871 641 925 est
677 883 725 924 res
762 873 796 925 ut
832 882 933 944 nemo,
966 866 1023 924 nisi
1060 867 1139 925 sorte

121 973 237 1034 333333,
261 972 320 1013 333
344 961 491 1033 agnoscat.
524 955 640 1035 113333,
663 962 697 1013 31
720 971 942 1030 nonnumquam
966 972 982 1013 3
1005 953 1139 1032 diligenti

122 1061 226 1103 eorum
266 1041 374 1120 quibus
415 1042 438 1099 V
479 1045 604 1102 maxime
651 1042 765 1101 laborat
810 1044 953 1102 uitiorum
997 1041 1137 1102 obserua-

121 1133 217 1211 tione,
249 1133 290 1191 ita
326 1133 452 1191 maxime
485 1149 501 1189 a
533 1131 651 1191 domina
668 1131 732 1190 illa
767 1139 855 1209 atque
887 1132 990 1208 regina
1021 1133 1138 1191 ratione

122 1227 153 1279 et
188 1219 224 1278 ab
262 1228 399 1278 aeeurata
442 1222 588 1278 sermonis
625 1221 735 1298 poetici
767 1221 872 1279 notitia
911 1221 1050 1278 carminis
1083 1219 1137 1278 Va-

121 1307 227 1367 leriani
263 1308 403 1386 progredi
440 1307 529 1368 debet
566 1309 740 1368 emendatio.
801 1307 853 1366 sed
889 1307 944 1366 hae
981 1310 1012 1366 in
1052 1318 1137 1386 parte

23 1468 25 1473 .
120 1404 189 1474 post
227 1395 382 1456 Heinsium
419 1415 525 1474 parum
560 1398 784 1475 praestiterunt.
845 1414 913 1455 nam
950 1396 1049 1476 Τ13113,
1086 1400 1138 1475 331

122 1503 198 1545 3333
236 1485 264 1544 h.
307 1504 328 1544 S.
366 1483 459 1544 LXlll
491 1483 641 1545 Valerium
674 1484 779 1565 edidit,
822 1503 857 1544 eo
900 1484 1021 1563 quidem
1057 1486 1138 1563 quod

121 1575 237 1651 primus
277 1571 346 1632 libri
386 1571 519 1633 Vaticani
564 1575 727 1652 scripturas
769 1591 873 1633 omnes
915 1575 1137 1632 accuratissime

123 1660 276 1721 adnotauit
298 1661 374 1721 bene
398 1661 434 1720 de
458 1668 545 1739 poeta
568 1669 671 1722 nostro
695 1664 819 1743 meruit,
842 1661 895 1722 sed
918 1661 1024 1720 dehis
1047 1665 1136 1721 meri-

123 1752 162 1810 tis
185 1750 312 1810 multum
327 1749 454 1809 detraxit
468 1752 541 1830 ipse,
565 1769 633 1810 eum
656 1749 845 1811 librariorum
863 1752 935 1810 uitia
951 1752 1137 1828 apertissima

121 1838 207 1917 plane
232 1838 375 1917 neglectis
402 1840 445 1898 eis
473 1857 548 1917 3333
576 1838 704 1911 latinitas
733 1857 868 1918 quaeque
897 1841 972 1899 ratio
1000 1850 1138 1917 posceret

122 1929 307 1986 atrocissime
336 1929 367 1986 in
395 1927 614 2006 prolegomenis
642 1927 817 1987 defenderet
848 1927 1044 2007 plurimisque
1072 1928 1136 1987 uul-

121 2015 245 2075 neribus
269 2014 447 2074 foedissimis
470 2015 670 2093 Argonautiea
692 2016 876 2094 relinqueret
899 2016 1018 2075 hiantia.

114 2114 117 2119 '
211 2103 345 2162 Thilonis
382 2121 503 2182 operam
535 2107 587 2183 qui
620 2124 656 2164 ex
688 2113 772 2183 parte
806 2106 991 2182 corrigerent
1029 2104 1136 2163 deinde

122 2194 298 2271 extiterunt3
322 2210 390 2253 nam
412 2193 558 2271 patefacta
572 2195 630 2253 iam
653 2192 798 2253 librorum
813 2195 954 2252 memoria
969 2192 1138 2271 eomplures

20 2300 32 2305 ··
122 2281 157 2339 ad
186 2279 403 2340 emendandum
426 2300 546 2343 carmen
570 2282 742 2342 adtulerunt
775 2279 914 2360 symbola.
960 2299 1089 2359 quorum
1119 2302 1135 2341 3

122 2385 247 2428 numero
281 2376 349 2428 ante
386 2387 491 2430 omnes
528 2389 597 2430 oum
629 2370 742 2430 honore
779 2369 1030 2428 commemorandi
1067 2381 1138 2429 sunt

124 2456 275 2516 Gustauus
302 2456 488 2539 Meynelrius,
518 2461 570 2537 331
598 2467 627 2518 31
661 2460 692 2516 13
721 2456 945 2534 quaestionibus
973 2456 1136 2517 Valerianis

123 2544 243 2604 Bonnae
267 2564 292 2605 a.
318 2543 403 2606 1865
427 2548 515 2607 editis
539 2545 580 2624 [l]
604 2553 634 2606 et
656 2548 687 2605 in
711 2546 918 2606 dissertatione
942 2546 1037 2606 Musei
1059 2546 1136 2606 Rbe-

126 2636 195 2693 nani
227 2634 286 2694 331.
321 2633 402 2693 XXII
434 2639 547 2695 inserta
580 2633 634 2712 [ll]
668 2641 834 2694 commenta
867 2638 983 2714 egregia
1012 2635 1137 2714 protulit

122 2722 200 2782 haud
224 2741 327 2803 pauca,
351 2732 380 2783 et
403 2723 557 2803 Philippus
580 2723 756 2804 Wagnmus,
780 2726 831 2803 331
854 2733 888 2784 31
911 2732 978 2784 3313
1003 2723 1136 2783 Thilonis

123 2810 285 2870 editionem
312 2814 343 2870 in
366 2811 511 2891 Philologi
538 2812 596 2872 uol.
624 2811 678 2870 XX
703 2811 743 2889 [1]
772 2815 813 2872 ita
844 2815 874 2871 in
903 2830 1029 2871 censura
1056 2810 1136 2869 illius

122 2897 279 2975 [11331313.
304 2900 398 2960 annal.
425 2897 523 2979 18643
547 2899 598 2980 11],
622 2901 678 2958 3131
701 2899 851 2959 interdum
880 2901 970 2958 nlmia
992 2899 1135 2958 uiolentia

121 3006 185 3047 rem
215 2991 287 3069 ogit,
317 2987 461 3068 quaedam
488 2996 587 3047 tamen
615 2989 688 3046 uitia
721 2989 831 3066 optime
860 2987 990 3046 sustulit.
1036 3005 1134 3064 neque

120 3075 267 3154 Hauptius
302 3076 347 3154 [in
377 3076 503 3149 Hermae
536 3076 594 3136 331.
627 3074 675 3134 111.
708 3075 753 3134 IV.
787 3073 864 3151 VIII]
905 3083 935 3152 et
967 3075 1133 3153 Maduigius

122 3164 259 3240 [Aduers
284 3164 324 3241 ll]
349 3165 495 3225 inutiliter
518 3164 554 3223 de
577 3162 693 3223 Valerio
722 3163 958 3242 disputauerunt.
1005 3164 1134 3241 denique

120 3271 174 3313 sua
196 3253 282 3313 laudo
301 3271 361 3313 non
385 3251 566 3312 fraudandus
579 3250 784 3312 Loehbaehius
800 3251 845 3329 [in
859 3252 976 3313 duobus
991 3256 1135 3332 gymnasii

119 3343 355 3401 Antennaeensis
382 3340 631 3419 programmatis]⁸
668 3344 800 3401 omnium
827 3360 901 3402 uero
920 3342 1134 3422 infelicissime,

119 3438 153 3489 ut
167 3432 287 3488 omnino
310 3431 341 3488 in
355 3431 451 3508 poetis
474 3429 582 3511 latinis,
604 3431 644 3490 ita
667 3432 698 3490 in
714 3431 919 3509 Argonautieis
943 3431 1134 3491 emendandis

111 3525 256 3575 uersatus
278 3525 325 3577 est
351 3517 379 3578 C,
405 3518 615 3602 Selrenkelius‚
644 3522 695 3599 qui
723 3539 798 3598 quae
823 3522 853 3580 in
878 3521 1007 3580 editione
1036 3539 1089 3580 sua
1117 3537 1132 3576 3
