2384 3878
352 169 838 262 unoculumcoumnunrn.
1059 207 1102 272 59

83 360 277 433 praereptum
299 361 411 432 quanto
433 354 533 433 proles
555 353 684 415 Boebeia
707 362 815 434 questu

84 441 185 502 audiet
208 449 238 501 et
259 441 330 502 flaui
353 460 443 521 00550
465 445 561 504 tristis
584 451 652 503 nata
675 439 862 522 Lycormael'

84 532 128 591 sic
151 530 192 590 511
214 538 245 590 51
268 530 397 591 celerem
420 531 560 592 frondosa
581 550 637 611 per
660 533 726 592 auia
749 549 874 592 ceruum
1044 543 1101 592 545

84 620 210 679 suscitat
233 637 266 678 55
289 620 393 680 iuueni
415 619 574 681 sublimem
596 619 738 681 cornibus
761 621 858 682 offert.

85 707 136 767 ille
159 708 274 767 animos
297 708 460 788 tardusque
484 709 570 788 fugae
593 709 775 789 longumque
798 711 942 770 resistens

85 795 224 856 sollicitat
247 795 410 875 suadetque
433 799 498 878 pari
521 798 702 859 contendere
726 817 826 859 cursu.

85 884 182 946 credit
203 884 292 964 Hylas
315 885 502 964 praedaeque
526 887 610 947 ferox
633 887 739 948 ardore
762 889 946 967 propinquae

84 975 269 1054 insequitur,
293 973 381 1035 simul
404 974 522 1036 Alcides
544 974 712 1038 hortatibus
735 983 822 1055 urget
1051 986 1103 1035 550

83 1063 283 1142 prospiciens:
305 1064 424 1142 iamque
448 1082 485 1138 ex
507 1064 602 1125 oculis
626 1064 761 1126 aufertur
783 1072 920 1143 uterque,

84 1170 154 1211 cum
175 1169 304 1230 puerum
326 1153 488 1213 instantem
511 1154 670 1233 quadripes
694 1154 831 1232 fessaque
855 1153 1017 1213 minantem

84 1240 143 1300 tela
165 1257 255 1300 manu
278 1239 383 1319 procul
406 1241 442 1301 ad
466 1242 553 1302 nitidi
575 1241 723 1322 spiracula
747 1243 837 1303 fontis

85 1329 169 1389 ducit
192 1335 222 1388 et
244 1331 370 1389 intactas
392 1329 469 1390 lenis
492 1332 556 1409 ipse
580 1331 748 1411 superfugit
772 1330 874 1390 undas.

85 1418 142 1478 hoc
165 1418 254 1496 pueri
276 1435 346 1496 spes
368 1416 434 1478 lusa
456 1419 544 1478 modo
568 1427 614 1478 est
637 1437 693 1479 nec
716 1418 840 1479 tendere
864 1426 959 1478 certat
1049 1429 1101 1479 555

85 1505 225 1586 amplius;
248 1513 341 1585 utque
364 1513 448 1567 artus
470 1515 501 1567 et
523 1510 639 1569 concita
661 1516 784 1587 pectora
807 1506 898 1568 sudor

84 1595 226 1676 diluerat,
249 1602 349 1673 gratos
373 1594 479 1656 auidus
501 1595 673 1676 procumbit
696 1597 732 1657 ad
755 1614 866 1656 munes.

85 1692 188 1763 stagna
211 1701 286 1763 uaga
309 1685 395 1762 quasi
416 1684 483 1756 luce
498 1687 630 1767 micant,
653 1684 707 1746 uhi
729 1683 854 1764 Cynthia
878 1683 959 1744 55510

84 1773 230 1854 prospicit
252 1780 303 1832 aut
326 1772 416 1833 medii
438 1775 546 1834 transit
568 1782 634 1834 rota
657 1773 781 1834 candida
803 1771 929 1832 Phoebi:

85 1861 143 1922 tale
166 1860 253 1922 iuhar
276 1860 414 1921 diffundit
437 1864 538 1942 aquis;
560 1862 601 1922 nil
624 1862 704 1922 rrnda
727 1878 888 1940 comaeque
1051 1871 1103 1920 500

85 1949 278 2028 turhauitque
301 1967 394 2009 sonus
417 1952 569 2030 surgentis
592 1949 628 2010 ad
652 1949 753 2011 oscula
776 1947 937 2029 Nymphae.

85 2040 136 2101 1115
158 2039 259 2099 auidas
282 2039 392 2100 iniecta
414 2057 521 2100 manus
542 2039 603 2100 heu
626 2056 694 2100 sera
716 2041 845 2099 cientem

86 2127 193 2189 auxilia
217 2135 247 2188 et
269 2129 368 2207 magni
389 2127 572 2188 referentem
594 2146 703 2188 nomen
727 2129 813 2187 amici

85 2214 229 2296 detrahit3
252 2215 369 2277 adiutae
391 2235 487 2296 prono
510 2235 580 2277 nam
601 2216 735 2296 pondere
758 2217 849 2277 uires.

130 2304 192 2365 lam
213 2312 299 2384 pater
321 2304 470 2366 umbrosis
494 2304 667 2386 Tirynthius
690 2303 810 2364 arcibus
833 2321 923 2364 ornos
1050 2311 1103 2362 505

86 2394 242 2474 depulerat
264 2412 430 2473 magnoque
453 2395 516 2473 iugi
539 2393 667 2455 stridore
691 2393 827 2455 reuulsae

86 2493 170 2562 terga
193 2500 284 2562 super
307 2483 383 2544 fului
403 2490 580 2562 porrexerat
601 2482 722 2543 horrida
744 2483 872 2542 monstri

86 2573 174 2633 litora
197 2589 291 2631 curua
313 2578 432 2651 pctcus3
456 2570 513 2632 alio
537 2589 606 2632 nam
628 2570 701 2631 calle
724 2587 882 2630 reuersum

86 2660 183 2722 credit
205 2659 299 2738 Hylan
322 2666 468 2738 captaque
492 2659 583 2739 dapes
606 2660 723 2719 auxisse
747 2659 851 2718 ferina.

86 2749 140 2810 sed
163 2766 261 2828 neque
285 2756 356 2828 aput
380 2749 477 2808 socios
500 2754 691 2826 structasque
715 2749 746 2806 in
769 2745 856 2806 litore
880 2763 999 2806 mensas
1051 2755 1103 2805 510

87 2839 262 2899 unanimum
284 2836 368 2898 uidet
391 2854 480 2916 aeger
502 2833 596 2916 Hylan
619 2854 675 2897 nec
698 2835 816 2914 longius
839 2851 939 2894 acrem

86 2927 246 2989 intendens
269 2926 371 2987 aciem.
418 2927 518 2986 uarios
541 2926 612 2986 hinc
635 2925 744 2987 excitat
767 2931 868 2984 aestus

87 3014 168 3077 nuhe
190 3014 261 3075 mali
282 3032 445 3095 percussus
468 3032 564 3095 amor,
587 3012 696 3093 quihus
719 3013 849 3073 haeserit
871 3013 942 3091 oris,

88 3106 157 3184 quis
180 3102 255 3165 tales
277 3105 388 3183 inpune
412 3120 510 3164 moras
534 3120 660 3164 casusue
682 3100 805 3162 lahorue

87 3192 236 3272 attulerit3
259 3191 382 3254 densam
404 3195 518 3253 interea
542 3190 724 3253 descendere
747 3197 867 3250 noctem
1051 3199 1103 3248 555

88 3285 148 3343 iam
170 3282 282 3342 maiore
305 3290 402 3362 metu3
424 3289 489 3342 tum
512 3298 585 3341 uero
609 3287 640 3340 et
661 3277 756 3360 pallor
779 3286 810 3338 51
833 3294 934 3338 amens

53 3407 56 3410 -
88 3388 158 3432 cum
180 3372 267 3450 piceo
289 3371 398 3432 sudore
421 3371 512 3450 rigor.
557 3386 613 3430 ceu
635 3376 757 3448 pectora
780 3368 879 3427 nautis

89 3458 226 3539 congelat
248 3457 366 3521 hiherni
388 3459 492 3521 uultus
514 3457 594 3533 leuis
618 3457 803 3537 apricollem,
884 3504 886 3509 .

89 3567 159 3609 curn
182 3549 243 3608 coit
265 3547 371 3610 umhra
393 3551 506 3632 minax,
529 3547 651 3610 comitis
673 3548 720 3608 s‘tc
742 3544 849 3606 adhort
869 3558 960 3601 error
