2384 3878
332 185 624 242 ARGONAUTIGON
643 186 752 241 LIBER
769 187 816 241 Vl.
1040 187 1103 252 125

85 336 207 397 foedera
230 336 339 396 donato
363 353 423 394 ncn
446 337 535 397 inrita
557 339 695 414 iungeret
719 354 800 397 auru.

85 432 151 486 tum
174 427 315 486 iuuenem
337 425 428 485 terris
450 424 560 486 Parcae
584 433 709 486 tenuere
733 423 849 504 Cytaeis

85 532 120 574 ac
144 512 237 574 subiti
259 511 401 573 Mauortis
425 530 507 574 amor
531 512 627 574 simul.
674 515 802 592 armiger
825 513 887 575 ibat

86 604 210 664 semiuir
233 600 434 682 inpubemque
457 621 565 682 gerens
588 601 780 681 sterilemque
804 605 964 664 iuuentam.
1051 613 1103 664 695

85 693 150 771 ipse
173 690 351 770 pharetratis
374 692 509 752 residens
532 691 568 755 ad
591 692 676 752 lrena
697 693 805 770 tapetis

86 798 168 841 nunc
191 780 267 841 leuis
290 779 398 840 inlestc
421 782 573 859 procurrit
596 781 627 839 in
650 781 766 857 agmina
789 799 891 860 curru,

87 887 169 930 nunc
193 869 262 947 iuga
285 886 447 929 conuersas
471 871 583 948 spargit
607 870 730 929 mentita
752 871 882 947 sagittas.

87 965 117 1019 at
140 956 269 1018 uiridem
292 959 416 1036 gemmis
435 967 465 1017 et
484 975 554 1017 eoae
574 958 699 1017 stamine
722 956 814 1016 siluae

86 1045 216 1124 subligat
238 1053 370 1107 extrema
392 1048 522 1124 patrium
545 1047 663 1105 ceruice
686 1047 781 1106 tiaran

88 1136 215 1213 insignis
238 1136 376 1215 manicis,
398 1136 523 1214 insignis
546 1137 665 1194 acinace
685 1133 802 1214 dextr03

86 1223 213 1302 inproba
236 1221 406 1284 barbaricae
429 1232 613 1302 procurrunt
635 1226 765 1302 tegmina
787 1222 913 1302 plantae.

88 1330 145 1372 nec
169 1312 282 1372 latuere
307 1311 357 1372 diu
381 1326 504 1373 saeuum
528 1310 621 1391 spcha
643 1311 692 1371 illa
712 1311 838 1391 Syenen,

89 1418 204 1480 perque
222 1399 322 1461 leuem
345 1409 375 1461 et
398 1401 491 1460 multu
515 1400 689 1460 maculatam
712 1401 825 1460 murice
849 1402 940 1479 tigrin

88 1491 206 1550 cuncita
229 1490 330 1569 cuspis
349 1487 423 1569 abit3
445 1487 560 1549 subitos
583 1507 620 1549 ex
643 1506 696 1548 cre
715 1506 838 1548 cruores
1054 1499 1105 1549 tut

67 1569 190 1638 'saucia
212 1579 298 1656 tigris
326 1580 385 1657 agit
408 1580 560 1657 uitamque
584 1577 709 1638 cllundit
732 1574 848 1656 en'lem3

88 1669 155 1746 ipse
177 1684 253 1744 puer
276 1666 370 1727 fracte
392 1684 522 1747 prunum
545 1673 633 1746 caput
656 1666 777 1746 inplicat
799 1683 879 1726 arcu.

89 1756 234 1834 sanguine
258 1761 330 1814 tunc
353 1763 417 1816 atro
442 1754 571 1834 chlamys
594 1757 694 1834 ignea,
718 1757 861 1832 sanguine
884 1754 986 1815 uultus

89 1853 121 1906 et
144 1843 282 1923 grauidae
306 1844 446 1905 maduere
471 1861 585 1924 comae,
609 1860 683 1922 quas
706 1842 778 1903 llere
803 1840 915 1902 Sabaeo

91 1934 241 1994 nutrierat
264 1930 436 2011 bquidcque
460 1951 568 2012 parens
592 1934 762 2010 signauerat
784 1949 866 1991 auro.

90 2020 209 2100 qualem
232 2022 325 2099 siquis
349 2022 433 2101 aquis
456 2029 486 2081 et
509 2021 615 2081 fertilis
638 2019 730 2081 ubere
754 2028 851 2080 terrae

90 2109 198 2172 educat
221 2128 254 2170 ac
277 2112 376 2171 uentis
399 2109 494 2171 oleam
517 2108 652 2171 ielicibus
675 2107 787 2190 implet,

91 2217 148 2262 uec
171 2196 254 2258 labor
278 2200 419 2260 adsiduus
447 2216 502 2258 nec
526 2216 595 2278 spes
619 2216 672 2258 sua
696 2197 770 2258 laiht
793 2196 929 2277 alentem,

94 2290 213 2365 iamque
236 2287 319 2348 uidet
341 2289 467 2367 primam
490 2296 594 2347 tenero
618 2287 654 2347 de
678 2288 793 2346 uertice
817 2286 965 2366 ircndem;

93 2393 163 2437 cum
187 2375 286 2437 subito
310 2378 440 2438 inmissis
463 2393 607 2455 praeceps
631 2375 778 2455 aquilonia
801 2373 909 2437 nimbis

93 2467 178 2526 uenit
201 2464 317 2545 hiemps
340 2467 482 2544 nigraque
506 2464 640 2526 euulsam
663 2465 758 2535 tendit
780 2462 904 2524 harena:

93 2553 174 2614 haud
197 2572 285 2614 secus
309 2563 376 2614 ante
400 2554 505 2614 urbem
528 2553 661 2632 Myraces
684 2553 780 2630 adque
803 2553 898 2630 ipsius
916 2559 984 2612 ante

93 2643 221 2720 uirginis
243 2661 296 2702 cra
320 2642 410 2722 cadit;
434 2641 486 2701 sed
509 2659 569 2700 nun
592 2643 685 2718 magis
707 2640 756 2700 illa
779 2648 919 2699 mouetur

93 2732 184 2791 unius
208 2750 294 2810 aegra
318 2739 413 2810 metu,
436 2748 524 2809 quam
547 2729 590 2809 te,
613 2729 773 2809 Melengm,
796 2728 954 2808 liuentem,

96 2837 184 2898 quam
207 2819 329 2880 Talaum
353 2819 435 2880 uidet
458 2828 508 2879 aut
530 2836 645 2896 pugnas
668 2820 794 2879 miratur
817 2817 929 2896 Acasti3
1059 2827 1111 2878 tto

95 2917 125 2969 at
149 2911 220 2969 satis
243 2909 298 2969 bcs
322 2911 402 2989 ipsae
426 2917 530 2988 gentes
554 2910 709 2987 campique
734 2905 874 2967 uidebant

96 3006 271 3076 tempestate
295 3000 359 3076 pari
383 2999 480 3057 uersis
503 2995 676 3056 incumbere
691 2998 816 3061 turmis

96 3095 165 3148 ante
189 3086 291 3147 cculcs
316 3087 384 3165 luga
408 3085 493 3145 lceda
516 3086 626 3145 ducum
649 3085 809 3162 largusque
833 3082 991 3142 cadentum

96 3177 120 3235 it
143 3194 234 3235 cruor
257 3184 287 3236 et
310 3193 418 3235 currus
441 3154 576 3235 dominis
590 3172 760 3252 ingentibus
784 3171 858 3232 orbi.

140 3264 207 3324 Nun
231 3265 298 3326 tulit
321 3264 375 3324 hos
398 3263 505 3323 Perses
528 3265 619 3342 gemit
620 3281 656 3323 us
679 3261 851 3340 clademque
876 3278 1000 3320 sucrum
1059 3242 1110 3320 ted

97 3364 240 3433 tergaque
265 3371 353 3414 uersa
375 3361 463 3414 tuens
485 3352 532 3412 his
556 3351 671 3412 eaelum
695 3349 850 3430 questubus
874 3348 989 3427 implet:

99 3438 183 3522 ‘quid
207 3461 253 3502 me
277 3444 335 3503 iam
359 3444 616 3521 patriis'ciectum
640 3439 774 3520 sedibus,
797 3440 869 3499 istas

99 3542 132 3593 ut
156 3540 305 3592 struerem
327 3550 441 3611 pugnas
466 3530 679 3612 Scythiamque
700 3532 739 3590 ’m
753 3528 843 3588 bellu
860 3540 1042 3591 museum„
