2384 3878
147 164 239 220 XXIV
546 161 755 219 PRAEFATIO

239 316 300 374 681
326 318 484 388 smmmtc
506 312 633 372 Aldina:
656 317 822 387 sequentem
844 313 880 371 V.

239 404 301 463 699
326 404 430 476 fulcra
453 402 572 478 scripsi:
599 403 710 474 foturis
731 399 768 460 V.
813 419 850 459 ex
877 393 1004 460 ‘loturo’
1031 401 1163 477 primum

150 484 269 551 ‘futuri'
292 482 346 571 (of.
368 490 406 549 ed
428 489 443 548 I
467 482 534 571 58),
557 489 663 550 deinde
693 483 828 549 ‘futuris'
850 490 965 549 factum
987 493 1042 566 cst,
1066 492 1100 548 ut
1123 487 1167 547 IV

151 581 194 639 20
216 598 272 655 pro
296 572 406 638 ‘siluis'
429 578 462 636 in
484 579 513 635 V
534 579 648 656 legitur
671 571 782 639 ‘silun'.

241 670 302 728 702
326 668 433 740 saecuti
456 667 575 743 scripsi:
599 669 692 727 ociosi
713 665 750 725 V.

241 758 304 816 724
328 773 466 828 cassoque
483 773 574 829 parco
597 756 716 832 scripsi:
739 771 879 829 coccoque
891 771 1004 828 porcos
1026 753 1062 812 V.

242 846 304 902 744
328 845 415 916 sactis
438 844 557 920 scripsi:
580 846 652 917 fotis
674 844 710 903 V.

242 934 304 991 749
328 935 398 1007 quio
415 935 499 1007 rapte
520 933 595 993 tasse
617 935 748 993 enimam
770 937 797 992 et
818 931 945 1005 fcrmclos
967 932 1040 990 citus
1062 931 1167 1005 effusis

151 1027 242 1082 artos.
288 1023 391 1082 carent
414 1021 488 1080 haec
512 1039 602 1082 sensu
623 1021 740 1080 idoneo.
771 1039 842 1079 nom
864 1021 944 1098 quod
966 1020 1040 1079 Pius
1061 1036 1169 1078 uocem

20 1128 25 1137 ·
152 1103 304 1170 ‘famulos'
328 1110 458 1185 explicet
482 1103 660 1170 ‘seruientes
684 1109 836 1186 co1porsis
864 1100 1168 1186 perturbationibus,

152 1197 298 1258 eiusmodi
331 1198 480 1258 sententie
512 1217 602 1275 quem
633 1197 761 1257 maxime
793 1198 831 1256 sb
865 1199 921 1256 hoc
949 1197 1069 1272 quidem
1100 1197 1167 1256 loco

151 1287 251 1348 cliens
273 1288 321 1346 est
342 1305 439 1361 neque
461 1287 603 1364 antiquae
630 1286 783 1363 cogitandi
809 1287 920 1346 rationi
948 1285 1101 1360 conuenit,
1130 1287 1166 1343 ut

151 1374 319 1435 rectissime
346 1375 462 1434 monuit
488 1374 746 1452 Eyssenhardtius
780 1371 812 1450 [l.
844 1374 865 1434 l.
894 1395 923 1450 p.
955 1371 1044 1449 383}
1090 1373 1165 1431 Bur-

152 1481 279 1523 mannus
302 1466 405 1522 autem
428 1463 480 1539 qui
502 1457 643 1523 ‘famulos
666 1456 763 1522 crtus'
787 1462 859 1522 dicit
883 1481 949 1522 esse
978 1455 1041 1537 ‘qui
1063 1461 1167 1520 Peliae

151 1544 400 1627 famulabuntur’‚
428 1551 541 1611 oblitus
569 1553 628 1628 est,
657 1554 692 1610 ut
718 1549 780 1610 slis
801 1552 934 1627 mittem,
966 1550 1087 1609 Aesona
1109 1568 1170 1610 non

152 1641 383 1716 famulaturum,
407 1639 459 1699 sed
481 1639 721 1699 interficiendum
742 1639 845 1699 fuisse.
884 1640 936 1699 sed
959 1641 994 1697 ut
1016 1638 1168 1714 mendum,

154 1728 234 1806 quod
269 1746 376 1787 uersus
411 1727 464 1786 ills
499 1729 605 1804 procul
642 1727 732 1787 dubio
770 1729 932 1805 contraxit,
969 1729 1169 1804 remouersnt,

153 1835 263 1896 porum
298 1815 469 1893 probabilis
503 1816 696 1893 protulerunt
732 1816 819 1877 docti.
874 1817 996 1876 restitui
1028 1810 1170 1875 ‘famulos

154 1907 232 1966 citus
256 1905 364 1982 effugis
386 1898 485 1982 ictus'‚
508 1906 540 1964 id
562 1908 618 1983 est,
640 1906 823 1965 famulorum
845 1906 937 1983 ictus,
959 1909 995 1964 ut
1019 1905 1172 1964 simillime

154 1995 249 2054 hebes
272 1993 303 2052 Π
328 1995 391 2052 268
417 1987 548 2053 ‘hederis
570 1988 792 2069 famularibus',
816 1992 902 2054 Ouid.
926 2012 983 2052 em.
1006 1993 1038 2051 Π
1062 1997 1095 2069 7,
1125 1995 1164 2052 21

155 2076 268 2140 ‘Venus
298 2074 437 2157 femulc'3
472 2080 583 2140 Lucan.
610 2080 654 2139 IV
683 2084 745 2142 207
777 2075 912 2141 ‘dextrae
944 2075 1096 2140 femulse'.
1128 2113 1166 2122 -

154 2171 203 2231 hic
235 2188 352 2247 quoque
384 2169 525 2228 mendum
556 2170 696 2246 prouenit
728 2189 764 2229 ex
795 2171 966 2230 litterarum
999 2164 1032 2228 ‘i'
1065 2174 1096 2229 et
1129 2162 1171 2228 ‘s'

155 2259 341 2334 confusione:
373 2259 525 2318 simillime
563 2279 592 2317 u.
626 2260 688 2318 619
722 2278 759 2318 ex
790 2253 892 2318 ‘ictus’
928 2260 960 2317 in
991 2258 1019 2316 V
1052 2250 1172 2331 ‘cetus'‚

155 2346 262 2406 deinde
284 2347 317 2405 in
339 2347 364 2403 P
388 2340 513 2406 ‘arctus’
536 2346 650 2406 factum
673 2351 730 2406 est.

247 2436 309 2517 753
337 2436 423 2507 furor
455 2435 574 2510 scripsi:
609 2437 712 2510 frapcr
743 2437 779 2512 V,
812 2437 891 2513 quod
918 2455 1012 2512 prone
1045 2439 1075 2494 st
1106 2436 1170 2494 sine

156 2522 293 2599 exemplo
316 2542 371 2598 pro
395 2516 499 2582 ‘fame'
522 2523 655 2599 positum
678 2528 845 2584 autumant.

247 2612 309 2671 755
334 2605 520 2687 ‘uestemque
542 2631 696 2689 penusque
720 2607 870 2672 sacerdos'
894 2613 1076 2689 Meduigius.

248 2701 310 2759 757
334 2701 420 2773 quasi
434 2701 552 2775 scripsi:
567 2719 654 2774 qoam
668 2701 709 2763 V.
734 2695 811 2761 ‘ceu'
825 2702 1024 2760 Burmannus.
1053 2701 1166 2775 saepis

157 2789 232 2848 sime
260 2780 374 2864 ‘quem'
403 2791 433 2846 et
461 2782 569 2865 ‘qussi’
601 2791 634 2847 in
661 2790 744 2850 codd.
777 2791 909 2850 confusa.
942 2821 984 2830 -
1017 2793 1170 2848 mmmmm

157 2877 259 2936 Thilo:
283 2880 433 2936 moetus
455 2877 491 2935 V.

248 2965 311 3024 758
338 2967 497 3038 emensos
516 2984 632 3040 ponens
655 2966 833 3025 Columbus:
864 2969 994 3041 reosque
1018 2984 1109 3041 cecos
1132 2965 1170 3042 V,

158 3052 238 3130 quod
261 3052 340 3112 male
364 3052 497 3113 defendit
520 3055 607 3114 'Philo
630 3056 745 3132 proleg.
768 3075 797 3130 p.
820 3055 899 3114 XIX.

248 3142 311 3201 768
335 3158 408 3214 quac
429 3143 495 3214 fota
516 3143 602 3203 Pius:
626 3161 681 3216 poc
703 3145 768 3216 fata
781 3142 810 3200 V
824 3162 860 3203 ex
881 3145 982 3219 priore
1005 3136 1076 3219 ‘quo
1089 3136 1171 3203 fine’.

246 3229 292 3288 De
315 3230 455 3296 uersibus
480 3233 654 3292 779-784
674 3250 763 3307 scope
786 3232 860 3290 mihi
882 3232 1030 3308 cogitanti
1053 3250 1171 3307 semper

156 3318 345 3378 tutissimum
372 3321 418 3377 est
445 3320 545 3378 uisum
571 3319 670 3378 redire
698 3320 736 3378 ad
760 3320 895 3379 Thilonis
923 3320 1104 3380 sententiam
1132 3320 1170 3378 sb

156 3407 223 3482 ipso
255 3409 363 3483 postea
393 3408 486 3466 nimis
522 3407 651 3483 quedam
677 3408 841 3467 timiditate
872 3411 1006 3484 spretam
1033 3427 1093 3485 qus
1119 3428 1170 3466 uu.

160 3497 222 3553 779
258 3515 301 3570 sp.
339 3495 461 3554 Veleiio
498 3495 690 3572 cbiudiceuit‚
729 3499 788 3556 781
802 3499 913 3556 -784
949 3498 1069 3557 traiecit
1100 3500 1171 3572 post
