2384 3878
85 184 129 249 60
428 183 457 239 C.
477 182 615 239 VALERI
633 181 763 238 FLACCI

85 333 207 395 alciden
230 351 395 412 saeuaeque
419 342 520 393 monet
542 333 713 393 meminisse
737 348 894 392 nouercae.
1054 342 1107 392 000

86 424 241 503 continuo,
264 422 381 483 uolucri
404 440 460 482 ceu
483 429 605 503 pectora
628 428 725 482 tactus
748 419 820 481 asilo

86 513 208 586 emicuit
231 509 364 571 Calabris
387 518 491 572 taurus
514 529 569 589 per
592 509 733 589 confraga
754 510 865 589 saeptis

86 600 174 662 chuia
197 618 331 680 quaeque
355 618 461 681 ruens,
484 599 536 660 tali
558 618 591 660 se
614 599 743 661 concitat
765 598 874 658 ardens

86 693 117 750 in
140 692 208 767 iuga
231 697 315 749 senta
338 690 420 767 luga:
443 696 533 768 pauet
555 690 652 749 omnis
675 689 794 748 conseia
816 687 874 746 late

87 779 175 859 silua,
198 785 309 856 pauent
332 786 463 860 montes,
486 776 570 838 luctu
593 794 758 838 succensus
780 774 889 836 acerho
1055 786 1108 837 005

87 867 158 947 quid
181 873 278 927 struat
300 866 417 928 Alcides
440 873 580 946 tantaque
604 865 676 944 quid
698 871 822 944 apparet
843 865 895 925 ira.

85 956 148 1036 ille,
171 954 256 1016 uelut
278 956 375 1036 refugi
398 969 490 1036 quem
512 956 637 1034 contigit
659 952 785 1033 inproba
807 951 902 1015 Mauri

86 1046 187 1105 lancea
211 1047 391 1124 sanguineus
414 1053 500 1106 uasto
522 1043 569 1105 leo
592 1060 746 1105 murmure
770 1041 867 1103 lertnr

86 1135 196 1213 trangit
219 1140 248 1193 et
272 1132 424 1194 absentem
447 1135 551 1194 uacuis
574 1131 631 1193 suh
654 1129 794 1194 (lentibus
816 1129 943 1210 hostem,

87 1225 130 1282 sic
154 1222 240 1281 furiis
263 1239 387 1282 accensa
410 1239 518 1301 gerens
541 1221 715 1301 Tirynthius
738 1237 791 1281 ora
969 1244 971 1248 ·
1052 1230 1106 1281 500

86 1310 183 1370 fertur
207 1317 237 1370 et
259 1311 374 1371 intento
397 1311 540 1372 discurrit
562 1309 714 1371 montibus
737 1326 818 1370 arcu.

87 1399 146 1460 heu
169 1400 294 1459 miserae
319 1398 428 1479 quihus
451 1399 500 1461 ille
524 1400 619 1481 lenae,
642 1397 752 1479 quihus
774 1396 880 1458 incidit
902 1414 1030 1474 usquam

87 1489 245 1549 immeritis
267 1506 322 1568 per
345 1488 441 1550 lustra
463 1487 535 1549 niril
559 1487 640 1549 uolat
662 1487 767 1548 ordine
789 1484 872 1547 nullo

87 1584 195 1638 cuncta
217 1585 337 1658 petens3
360 1596 441 1638 nunc
465 1578 501 1638 ad
524 1579 604 1656 ripas
628 1576 802 1654 deiectaque
826 1573 904 1635 saxis

87 1665 222 1748 flumina,
244 1683 324 1726 nunc
348 1673 426 1727 totas
449 1683 607 1726 nemorum
628 1666 781 1745 procurrit
803 1663 840 1723 ad
862 1660 993 1724 umbras.
1054 1674 1109 1725 500

87 1771 195 1815 rursus
217 1752 312 1834 llylan
335 1763 365 1816 et
388 1772 496 1817 rursus
518 1753 612 1835 llylan
634 1772 690 1834 per
712 1752 800 1832 longa
821 1749 962 1813 reclamat
1072 1792 1076 1798 -

28 1866 31 1871 ¹
88 1847 169 1924 auia,
192 1852 370 1922 responsant
393 1843 486 1906 siluae
510 1852 541 1905 et
562 1861 637 1923 uaga
661 1849 756 1904 certat
777 1843 882 1920 imago.

132 1932 170 1993 at
193 1934 281 1993 sociis
304 1935 426 1994 innota
448 1932 522 1994 tides
545 1933 715 2010 austrisque
739 1931 878 1992 secundis

89 2029 183 2100 certa,
197 2038 281 2080 mora
296 2030 341 2081 est
355 2039 411 2082 nec
425 2039 538 2100 paruus
553 2020 651 2102 Hylas,
666 2036 844 2099 quamquam
857 2015 997 2079 omnihus
1011 2036 1109 2096 acque

88 2117 172 2188 grata
195 2109 377 2171 rudimenta:
399 2108 547 2171 Herculeo
571 2108 627 2171 suh
651 2111 770 2170 nomine
793 2107 933 2188 pendent.
1028 2180 1031 2185 ⁵
1055 2119 1110 2168 000

87 2198 171 2258 illum
195 2215 299 2259 omnes
322 2199 452 2260 lacrimis
475 2201 656 2278 maestisque
680 2215 840 2278 reposcere
863 2196 954 2277 notis,

87 2288 255 2365 incertique
280 2296 362 2348 metu
385 2306 465 2348 nunc
488 2287 591 2366 longas
614 2287 702 2349 litore
725 2305 817 2347 noces

57 2394 62 2409 ·
89 2392 229 2454 spargere
253 2394 333 2435 nunc
356 2378 433 2436 seris
455 2376 614 2437 ostendere
637 2375 776 2437 noctibus
798 2376 893 2455 ignes

89 2467 152 2542 ipse
176 2463 227 2523 uel
249 2463 359 2524 excelsi
382 2482 451 2525 eum
474 2464 566 2525 densa
588 2463 707 2525 silentia
728 2465 839 2525 montis

90 2561 182 2613 strata
205 2552 255 2613 uel
277 2550 384 2614 oblatis
407 2552 515 2614 dirctor
538 2553 620 2614 uidet
643 2571 773 2632 aequora
794 2552 895 2614 nentis
1054 2561 1111 2612 000

90 2649 149 2702 stat
171 2640 330 2703 lacrimans
352 2660 519 2722 magnoque
542 2645 601 2703 uiri
624 2649 783 2704 cunctatur
806 2658 915 2703 amore.

88 2729 168 2791 illins
190 2733 327 2792 incessus
349 2730 537 2810 habilemque
560 2732 597 2792 ad
621 2739 705 2811 terga
726 2729 907 2811 pharetram,

88 2818 173 2879 illum
196 2821 276 2880 inter
298 2836 441 2899 proceres
464 2828 653 2899 maestaeque
677 2819 794 2881 silentia
816 2835 936 2881 mensae

90 2909 207 2986 quaerit
229 2909 316 2985 inops
340 2908 489 2986 quondam
511 2910 624 2987 ingenti
648 2925 814 2987 conprensa
835 2905 1005 2968 trahentem

89 2998 159 3056 nina
182 3014 273 3056 manu
295 3005 326 3057 et
348 2995 441 3057 durae
463 2997 644 3058 reserantem
667 3004 801 3058 monstra
823 3012 981 3058 nouercae.
1056 3007 1113 3057 010

134 3083 195 3145 Neo
218 3087 317 3146 minus
340 3088 455 3146 interea
478 3086 610 3147 crudelis
632 3089 737 3166 iapyga
759 3085 833 3147 luno

90 3172 211 3234 adsidue
235 3182 336 3235 monet
359 3182 390 3235 et
412 3177 517 3254 primis
540 3193 609 3236 eum
632 3174 745 3236 solibus
768 3175 863 3236 ollert

88 3264 207 3342 iamque
231 3280 331 3325 morae
354 3265 502 3343 inpatiens
525 3271 700 3325 cunctantes
722 3266 859 3343 increpat
881 3263 959 3322 orsis

90 3351 200 3433 Tiphys
223 3359 254 3412 et
277 3350 375 3414 ohlato
398 3360 500 3413 monet
522 3354 582 3413 otia
605 3371 745 3433 rumpere
769 3342 896 3414 curam·

90 3459 161 3520 ergo
185 3442 316 3502 animum
339 3441 434 3502 tlexns
456 3442 544 3502 dictis
567 3443 706 3523 instaptis
728 3440 816 3502 lason
1056 3454 1113 3502 015

80 3529 223 3590 convertit
241 3530 404 3610 sociosque
428 3530 518 3593 simul
542 3532 585 3593 sie
608 3531 688 3593 tatur
711 3530 750 3593 acl
770 3547 890 3590 omnes}
