2384 3878
368 572 405 655 Ο.
433 571 607 656 vannat
633 574 797 658 uincor

226 755 928 856 ARGONAUTICON

397 946 548 1012 tinne
571 945 767 1014 ruimus

526 1127 633 1134 --

69 1269 171 1330 Prima
194 1270 283 1332 deum
305 1274 420 1350 magnis
444 1275 578 1334 canimus
602 1273 677 1332 freta
700 1276 804 1351 peruia
827 1276 904 1334 natis

70 1358 281 1439 fatidicamque
304 1369 413 1442 ratem,
438 1361 570 1441 Scythici
593 1379 668 1440 quae
692 1361 826 1422 Phasidis
850 1380 918 1422 oras

70 1465 143 1507 ausa
166 1451 251 1527 sequi
275 1450 448 1528 mediosque
471 1453 551 1511 inter
573 1453 641 1529 iuga
665 1452 782 1511 concita
801 1468 908 1511 cursus

69 1552 225 1619 rumpere,
248 1537 423 1599 flammifero
446 1541 566 1600 tandem
590 1539 725 1600 consedit
749 1538 881 1619 Olympo.

160 1625 293 1709 Phoebe,
315 1645 417 1710 mone,
441 1631 466 1689 si
490 1627 631 1708 Cymaeae
655 1628 726 1689 mihi
751 1631 869 1689 conscia
892 1633 969 1691 uatis
1070 1642 1087 1692 o

69 1721 129 1774 stat
152 1724 233 1776 casta
256 1718 371 1776 cortina
394 1717 495 1798 domo,
519 1721 544 1777 si
567 1717 668 1798 laurea
691 1719 779 1796 digna

69 1802 168 1864 fronte
192 1805 279 1866 niret.
326 1813 418 1884 tuque
444 1824 474 1885 o,
497 1805 594 1885 pelagi
617 1808 667 1866 cni
689 1807 783 1866 maior
807 1808 903 1883 aperti

69 1890 160 1973 fama,
183 1891 360 1954 Caledonius
382 1904 541 1974 postquam
564 1903 615 1955 tna
638 1893 759 1954 carbasa
782 1896 865 1955 uexit

67 1997 199 2041 oceanus
222 1981 366 2062 Phrygios
389 1986 473 2062 prius
496 1984 666 2062 indignatus
689 1983 778 2064 luloS,

68 2071 152 2149 eripe
175 2089 222 2130 me
246 2072 364 2150 populis
388 2080 418 2132 et
440 2072 562 2133 habenti
585 2071 686 2133 nubila
709 2082 815 2152 terrae,
1052 2086 1086 2136 ιο

67 2167 170 2220 sancte
192 2168 291 2241 pater,
314 2169 512 2241 ueteremque
536 2163 616 2241 fane,
640 2162 824 2240 uenerande,
848 2162 966 2223 canenti

67 2245 145 2308 facta
169 2250 277 2310 uirum.
323 2267 442 2310 uersam
465 2251 565 2329 proles
588 2258 638 2310 tua
661 2250 772 2329 pandet
794 2249 919 2309 Idumen

67 2327 212 2417 (namque
235 2332 363 2420 potest),
388 2339 506 2419 Solymo
530 2358 563 2399 ac
587 2341 754 2417 nigrantem
776 2338 901 2417 pulnere
926 2339 1049 2400 fratrem

67 2434 318 2506 spargentemque
342 2428 421 2488 faces
441 2436 471 2488 et
493 2431 524 2488 in
548 2431 629 2488 omni
652 2437 736 2488 turre
760 2428 918 2488 furentem.

67 2513 116 2574 ille
139 2513 194 2574 tibi
217 2515 376 2594 cultusque
400 2518 489 2578 deum
512 2515 694 2596 delubraque
719 2525 840 2577 centum
1051 2529 1084 2578 15

66 2604 217 2685 instituet,
242 2623 310 2665 cum
333 2607 404 2687 iam,
428 2607 559 2685 genitor,
582 2605 697 2665 lucebis
721 2605 757 2664 ab
781 2607 862 2664 omni

67 2700 150 2771 parte
174 2692 243 2772 poli.
289 2711 386 2773 neque
411 2696 490 2753 enim
513 2693 610 2772 Tyriis
635 2692 787 2772 Cynosura
810 2693 919 2752 carinis

67 2783 179 2842 certior
197 2790 248 2843 aut
271 2782 356 2843 Grais
379 2782 479 2843 Helice
500 2783 646 2843 seruanda
669 2784 827 2864 magistris,

67 2871 92 2930 si
115 2877 150 2930 tu
173 2872 256 2949 signa
280 2871 376 2952 dabis,
400 2874 453 2933 sed
476 2881 505 2933 te
529 2872 605 2933 duce
629 2871 751 2932 Graecia
774 2874 874 2933 mittet

67 2965 96 3018 et
120 2957 213 3018 Sidon
236 2959 380 3039 Nilusque
402 2970 491 3022 rates.
536 2979 616 3021 nunc
639 2970 742 3021 nostra
766 2977 891 3021 serenus
1050 2970 1085 3022 20

67 3064 133 3107 orsa
157 3049 257 3130 iuues,
281 3049 354 3109 haec
377 3058 411 3111 ut
433 3048 531 3111 Latias
554 3068 613 3109 nox
636 3048 756 3128 impleat
778 3047 878 3109 nrbes.

155 3133 347 3198 Haemoniam
370 3141 474 3217 primis
497 3139 593 3199 Pelias
616 3139 751 3199 frenabat
774 3137 810 3198 ab
834 3139 928 3217 annis,

67 3227 124 3285 iam
146 3229 247 3304 grauis
271 3235 301 3287 el
323 3227 429 3306 longus
452 3227 570 3306 populis
593 3236 704 3288 metus:
727 3227 806 3287 illius
830 3244 931 3286 amnes

67 3312 182 3375 lonium
206 3317 387 3395 quicumque
410 3325 531 3398 petunt,
554 3315 603 3376 ille
627 3314 742 3396 Othryn
766 3322 796 3376 et
818 3315 964 3376 Haemum

67 3403 162 3482 adque
186 3406 280 3465 imum
303 3405 372 3466 felix
395 3404 534 3466 uersabat
556 3423 679 3466 uomere
699 3404 866 3486 Olympum.
1049 3415 1094 3461 ‘us

67 3492 200 3587 sednon
225 3492 282 3553 nlla
305 3495 390 3573 quies
413 3497 514 3558 animo
538 3495 707 3579 fratrisque
729 3497 866 3579 pauenti

109 3599 158 3640 Vct
171 3599 277 3644 Flaccus.
890 3602 914 3648 X
