2384 3878
333 191 622 252 ARGONAUTIGON
640 196 750 250 LIBER
767 196 813 250 IV.
1038 193 1081 258 67

68 347 264 427 Caucaseum,
287 364 339 406 rer
362 362 481 426 magne,
504 342 628 406 senem?
650 344 803 406 nullumne
826 343 972 409 nidorum

68 436 158 495 finem
181 434 254 494 adeo
277 452 448 514 poenaeque
472 430 577 494 dahis?
600 441 628 494 te
653 441 760 494 cuncta
782 440 941 513 precatura

69 542 143 602 gens
165 523 320 584 hominum
333 523 428 601 adque
451 524 510 602 ipsi
533 525 591 583 iam
614 532 653 604 te,
674 529 760 601 pater
783 524 905 603 optime,
928 522 1025 582 fontes
1048 532 1083 582 65

69 613 207 690 lassaque
231 630 299 672 cum
322 611 406 672 siluis
429 619 516 672 orant
538 613 614 690 iuga.
661 619 705 671 sat
728 609 783 671 tibi
805 611 919 672 lurtum

70 702 147 780 ignis
171 709 201 760 et
224 700 371 760 aetheriae
395 699 517 761 delensa
539 700 656 761 silentia
678 694 819 760 mensae'

70 789 144 849 dixit
166 789 231 870 ubi,
254 808 270 849 e
294 789 424 868 seopulis
447 788 547 849 media
566 791 645 850 inter
667 787 777 868 pabula
799 788 857 848 diri

70 877 200 938 uulturis
223 880 287 956 ipse
311 879 402 938 etiam
423 879 535 956 gemitu
558 884 729 956 maestaque
752 878 854 956 fatigat

72 985 145 1026 uoce
169 965 272 1026 louem
294 968 393 1026 saeuis
415 966 553 1026 releuans
576 966 712 1027 ambusta
732 966 848 1045 pruinis

70 1055 194 1135 lumina3
218 1056 426 1134 congeminant
448 1073 550 1114 amnes
572 1073 723 1135 rupesque
746 1055 894 1134 fragorem

72 1143 250 1224 Caucaseam
273 1151 374 1223 stupet
396 1144 460 1223 ipse
484 1143 532 1203 dei
555 1143 733 1204 clamoribus
757 1142 826 1204 ales,

72 1239 144 1292 tuno
168 1235 256 1292 etiam
280 1250 403 1311 superas
426 1231 592 1293 Acheronte
617 1231 735 1293 auditus
758 1231 794 1292 ad
817 1248 902 1292 arces

72 1321 191 1400 Iapetus
214 1322 328 1401 grauis3
351 1329 486 1381 orantem
508 1321 614 1400 procul
637 1329 719 1381 arcet
741 1320 849 1400 Erinys

72 1412 236 1489 respiciens
260 1408 332 1469 celsi
354 1409 449 1488 legem
471 1408 560 1470 louis.
605 1409 653 1470 ille
677 1409 801 1469 dearum

72 1499 192 1560 iletihus
216 1505 246 1557 et
268 1515 374 1576 magno
396 1496 510 1559 Phoebi
533 1505 699 1558 commotus
721 1497 835 1557 honore

73 1588 208 1648 ueloeem
231 1588 326 1646 roseis
348 1585 478 1648 demittit
500 1585 633 1647 nubibus
654 1586 733 1648 lrim.

74 1673 109 1757 ‘i,
132 1675 264 1755 Phrygas
287 1675 404 1735 Alcides
427 1683 457 1735 et
480 1674 586 1736 Troiae
610 1675 726 1736 dillerat
749 1693 838 1735 arma.

73 1759 165 1825 nunc'
189 1766 230 1824 ait
253 1758 373 1843 ‘eripiat
395 1763 476 1824 dirae
500 1763 606 1825 Titana
629 1758 767 1825 uolucri?

73 1854 142 1914 diua
165 1853 246 1913 uolat
268 1851 423 1929 defertque
448 1853 514 1912 uiro
538 1851 694 1912 celeranda
715 1854 849 1931 parentis

73 1944 198 2022 imperia
221 1941 317 2019 adque
340 1940 468 2001 alacrem
491 1939 576 2000 laetis
599 1939 765 2002 hortatibus
788 1939 899 2019 implet.

118 2031 179 2091 lam
202 2029 316 2108 Minyae
339 2029 445 2090 mediis
469 2029 565 2090 clarae
588 2048 642 2109 per
665 2029 764 2090 sidera
786 2030 883 2090 noetis

74 2119 215 2182 fluctibus
238 2117 401 2179 intulerant
423 2117 539 2199 placido
562 2136 636 2179 caua
658 2118 749 2180 lintea
772 2136 863 2178 cursu

73 2207 226 2287 multaque
250 2206 370 2267 deserto
393 2224 543 2268 memores
566 2225 658 2286 super
680 2205 809 2267 Hercule
828 2205 965 2268 uoluunt.

74 2298 220 2358 'l’hraeius
243 2303 273 2355 at
294 2313 409 2356 summa
432 2297 521 2357 sociis
544 2315 560 2356 e
578 2314 679 2375 puppe
702 2294 841 2356 sacerdos

74 2389 133 2448 lata
152 2386 243 2446 deum
266 2391 296 2444 et
319 2385 444 2445 miserae
468 2385 566 2445 solans
588 2384 775 2445 incommoda
798 2385 876 2446 uitae

75 2492 217 2536 securum
240 2475 374 2533 numeris
397 2475 458 2552 agit
481 2482 511 2534 et
533 2473 707 2536 medicabile
731 2491 865 2553 carmen3

75 2563 155 2643 quod
179 2561 268 2623 simul
292 2561 448 2641 adsumpta
470 2563 591 2641 pulsum
613 2563 684 2644 fide,
707 2562 806 2623 luctus
830 2570 859 2622 et
882 2563 943 2620 irae

75 2662 105 2713 et
128 2650 211 2713 labor
234 2657 266 2711 et
288 2648 391 2710 dulces
413 2649 524 2711 cedunt
547 2668 563 2709 e
586 2659 708 2729 pectore
731 2653 800 2711 nati.

119 2740 238 2801 lnterea
260 2739 359 2817 magni
381 2740 440 2798 iam
462 2740 521 2798 iam
545 2737 743 2799 subeuntibus
766 2740 855 2799 astris

75 2830 187 2891 Oceani
209 2826 336 2908 genitale
360 2836 462 2908 caput,
484 2826 600 2887 Titania
623 2828 717 2887 irenis

75 2927 161 2979 antra
184 2923 303 2996 sonant3
327 2915 377 2977 Sol
400 2918 559 2978 auricomis
582 2914 759 2995 urgentibus
781 2915 869 2976 lloris

74 3006 256 3068 multifidum
279 3005 366 3067 iubar
389 3014 420 3066 et
442 3003 562 3066 bisseno
586 3004 683 3065 sidere
707 3012 818 3065 textam

74 3097 197 3157 loricam
220 3095 369 3174 induitur3
392 3094 463 3173 ligat
485 3094 561 3154 hanc
584 3095 637 3173 qui
659 3092 760 3153 nubila
783 3100 886 3153 contra

74 3184 191 3245 balteus
214 3183 376 3245 undantem
400 3183 495 3243 uariat
517 3180 693 3243 mortalibus
716 3200 827 3243 arcum.

74 3273 144 3335 inde
169 3290 260 3352 super
283 3281 379 3333 terras
402 3280 432 3332 et
455 3273 502 3332 eoi
525 3289 638 3333 cornua
659 3272 769 3331 montis

75 3364 198 3423 emicuit
221 3363 369 3441 traxitque
392 3359 471 3421 diem
494 3359 690 3421 candentibus
712 3359 810 3421 undis.

74 3460 105 3512 at
128 3450 240 3530 Minyas
264 3452 328 3510 uiso
351 3449 511 3530 liquerunt·
526 3449 643 3510 llamina
666 3448 795 3509 Phoebo.

120 3540 259 3600 Proxima
280 3537 417 3619 Bebrycii
440 3537 611 3620 panduntur
633 3536 728 3600 litora
744 3539 852 3615 regala,

1078 3578 1131 3589 ,a

1086 3592 1139 3614 *¹¹¹

892 3629 914 3661 ὴ
969 3625 972 3628 ⁴
1020 3616 1043 3624 ¹·
1107 3616 1141 3641 1-1

872 3636 897 3684 a
980 3660 982 3665 -
1031 3644 1058 3659 ··
