2384 3878
119 165 164 230 88
458 162 487 221 Θ.
505 163 644 219 votnm
661 163 793 220 nuncet

120 317 250 377 nomina.
296 323 360 376 tum
383 317 454 376 irino
478 314 620 374 frondens
644 334 660 373 e
684 316 797 393 cespite
820 313 911 373 tellus

123 406 283 486 aggeritur,
306 406 497 482 cinctamque
520 402 599 483 Lyco
623 402 811 481 commendat
832 401 927 463 lason.

166 493 271 554 Maesti
293 510 396 554 omnes
420 491 575 574 dubiique,
597 500 695 553 ratem
715 491 858 552 fidissima
880 493 966 552 cuius

122 583 227 643 dextra
251 590 347 663 regat3
371 581 460 661 simul
481 581 618 642 Ancaeus
641 580 806 660 sollersque
828 579 949 660 petebat

122 670 274 751 Nauplius,
320 670 467 750 Erginum
489 672 548 730 lato
572 678 661 730 uocat
683 672 746 750 ipsa
768 671 903 730 monenti
1106 680 1143 730 tt

124 778 268 842 quemue,
291 768 321 821 et
344 759 381 820 ad
403 768 507 820 tonsas
528 761 602 821 uicti
625 758 743 819 rediere
765 760 908 837 magistri

123 867 158 909 ac
180 849 264 910 uelut
286 848 350 930 ille,
373 851 472 928 gregis
495 851 587 909 cessit
611 850 659 908 cui
682 850 776 928 regia,
800 855 904 907 taurus

123 937 221 998 fertur
244 956 351 1017 ouans3
374 938 454 998 hunc
478 939 573 998 omnis
596 937 705 1018 honoS,
727 936 809 997 huno
831 937 928 996 omnis
951 937 984 994 in
1006 953 1103 996 unum

122 1028 230 1086 transit
253 1045 348 1106 amor;
370 1029 468 1106 primo
491 1027 586 1087 laetus
609 1028 652 1086 sic
676 1034 810 1105 tempore
834 1032 934 1085 rector

122 1115 289 1194 ingreditur
313 1133 433 1194 cursus3
457 1117 568 1175 etenim
590 1115 639 1174 dat
663 1113 786 1174 candida
809 1120 922 1173 certam
1104 1124 1141 1173 70

85 1202 88 1206 ’
123 1221 183 1263 nox
206 1203 337 1263 Helicen.
383 1206 442 1263 iam
464 1221 554 1282 prora
577 1203 687 1262 fretum
711 1209 913 1263 commouerat
937 1210 967 1261 et
991 1203 1050 1260 iam

122 1310 222 1372 puppe
247 1291 354 1352 sedens
377 1294 501 1351 miseras
523 1292 676 1353 dimiserat
699 1291 828 1351 anchora
851 1298 955 1351 terras.

167 1379 256 1462 lnde,
278 1388 432 1459 premente
456 1389 541 1462 noto,
565 1382 667 1441 tristes
690 1378 893 1441 Acherusidos
916 1397 983 1438 oras

123 1469 268 1549 praeterit
291 1477 321 1530 et
344 1469 419 1530 festa
441 1469 596 1548 uulgatum
618 1476 705 1529 noete
729 1467 817 1551 Lyaei

124 1555 323 1638 Callichoron3
348 1576 403 1618 nec
426 1576 503 1618 uana
526 1558 607 1618 fides.
653 1557 699 1617 his
722 1556 856 1616 Bacchus
878 1558 910 1616 iu
933 1555 1021 1616 undis
1104 1567 1141 1616 io

124 1645 217 1705 abluit
240 1664 295 1705 eoo
318 1654 455 1707 rorantes
478 1648 620 1725 sanguine
643 1646 770 1724 thyrsos.

121 1732 207 1794 illum
229 1741 299 1813 post
321 1736 400 1795 acies
423 1733 567 1814 rubrique
590 1736 753 1794 nouissima
776 1733 905 1794 claustra

123 1824 262 1901 aequoris
286 1823 335 1882 hic
357 1822 472 1884 resides
495 1823 620 1904 thiasoS,
642 1823 692 1883 hic
715 1841 784 1883 aera
806 1829 977 1883 mouentem

124 1910 242 1989 udaque
265 1914 422 1991 pampinea
445 1920 615 1972 nectentem
639 1930 751 1973 cornua
774 1913 850 1971 uitta

123 2018 203 2059 nuno
227 2002 317 2060 etiam
339 2003 529 2083 meministis,
552 2019 659 2081 aquae,
682 2000 803 2060 Boeotia
825 1999 944 2078 quialem
1105 2010 1144 2061 80

122 2087 220 2167 Thyas
244 2097 274 2148 et
295 2088 399 2149 infelix
422 2097 546 2169 cuperet
568 2089 680 2150 uidisse
705 2087 871 2149 Cithaeron.

169 2176 258 2236 Fama
280 2195 335 2256 per
359 2185 507 2238 extremos
532 2180 604 2257 quin
627 2180 684 2238 iam
707 2177 789 2238 uolat
811 2175 936 2256 inproba
959 2193 1061 2237 manes

124 2267 239 2325 interea
262 2274 293 2326 et
315 2268 429 2345 magnis
452 2274 591 2327 natorum
614 2266 751 2328 laudibus
774 2266 886 2347 implet,

123 2352 222 2414 addita
245 2356 362 2432 iamque
386 2355 471 2416 iretis
494 2357 629 2416 referens
652 2357 728 2416 freta
751 2357 868 2432 iamque
890 2361 1027 2432 patentes

127 2439 265 2520 Cyaneae.
312 2442 417 2504 ardent
440 2444 543 2504 auidos
567 2443 701 2504 attollere
725 2443 836 2523 uultus,
1105 2453 1142 2504 86

125 2548 201 2608 quos
223 2532 318 2610 pietas
341 2532 390 2592 uel
413 2535 508 2612 tangit
530 2533 626 2593 adhuc
650 2550 724 2611 quies
748 2531 863 2591 aemula
884 2533 990 2592 unlus.

123 2618 182 2679 fata
205 2622 327 2681 immota
349 2629 483 2701 manent3
507 2640 614 2703 umim,
638 2623 690 2699 qui
712 2621 799 2681 litore
822 2623 854 2680 in
876 2620 926 2680 illo

124 2708 277 2790 conditus,
300 2709 337 2769 ad
361 2729 446 2770 carae
470 2712 592 2771 mittunt
615 2710 783 2790 spectacula
805 2708 919 2770 turbae.

122 2799 146 2857 it
170 2797 342 2859 Sthenelus:
366 2798 483 2877 qualem
505 2799 650 2859 Mauortia
672 2798 748 2859 uidit
771 2798 898 2858 Amazon

122 2903 250 2964 cumque
274 2889 336 2947 suis
361 2889 500 2946 comitem
522 2886 639 2947 Alcides
661 2895 696 2946 ut
718 2886 850 2947 condidit
872 2889 972 2966 armis,
1101 2898 1138 2946 eo

120 2974 187 3034 talis
211 2975 247 3035 ab
271 2977 412 3054 aequorei
435 2993 619 3053 consurgens
642 2993 748 3054 aggere
772 2974 853 3035 busti

122 3065 255 3144 emicuit3
279 3064 389 3125 fulsere
413 3063 524 3145 undae,
548 3060 592 3124 sol
615 3083 739 3143 magnus
763 3072 797 3124 ut
820 3063 925 3124 orbem

121 3150 241 3211 tolleret
263 3159 313 3212 aut
335 3152 445 3213 nubem
469 3160 606 3231 qiiateret
627 3152 723 3232 polus.
769 3153 865 3232 adque
890 3171 923 3213 ea
947 3152 1072 3214 uixdum

121 3242 185 3300 uisa
209 3241 283 3300 uiris
307 3249 370 3301 atra
393 3261 451 3301 nox
474 3243 613 3321 protinus
636 3240 758 3302 abstulit
780 3241 894 3302 umbra.

122 3328 172 3389 ille
196 3327 300 3387 dolens
323 3329 415 3391 altum
437 3333 547 3409 repetit
570 3329 667 3391 chaos.
714 3333 812 3390 omina
834 3329 956 3409 Mopsus
1104 3342 1142 3392 tt

121 3416 192 3475 dorm
216 3423 329 3499 stupet,
353 3420 383 3478 in
406 3421 503 3499 prima
524 3418 673 3479 tumulum
695 3418 801 3498 procul
823 3420 1026 3501 espiniaco,

103 3500 332 3584 obnubensque
357 3518 449 3589 caput
472 3510 571 3571 cineri
595 3506 646 3570 dat
666 3509 739 3569 uiua
758 3514 876 3568 uocato.
