2384 3878
326 183 617 239 ARGONAUTICON
636 184 745 239 LIBER
763 184 810 238 ΙΙΙ.

59 336 224 394 extinctum
247 352 342 412 genus
365 342 396 394 00
418 334 494 394 00100
517 353 572 413 per
595 335 710 394 moenia
734 341 844 394 matres

60 423 187 482 uidisset
210 431 392 502 stratamque
416 423 479 483 dies
502 422 643 484 inlitora
667 432 795 501 gentem.

105 510 182 572 Tum
204 518 289 590 pater
312 513 499 591 omnipotens
523 522 641 591 tempus
663 513 722 571 iarn
741 530 811 590 rege
834 520 990 590 perempto

59 601 180 660 11000000
205 601 263 661 1000
286 609 369 661 00000
392 603 576 680 miserasque
596 599 776 680 abrumpere
799 618 923 683 pugnas,
1023 611 1075 661 250

60 707 230 767 supremam
254 688 397 750 celerauit
418 708 506 769 opem
529 699 664 768 nutuque
688 708 795 750 sereno

59 780 203 859 intonuit,
226 797 316 857 quem
338 778 432 839 Nocte
456 786 549 860 satae,
573 796 662 858 quem
684 778 824 840 turbidus
846 778 951 838 horret

60 869 250 945 armipotens
295 876 368 928 tunc
391 875 477 947 porta
499 869 595 928 trucis
618 869 677 928 coit
699 868 795 927 infera
817 867 878 927 leti.

59 958 202 1016 contiuuo
226 956 297 1016 dant
318 965 402 1035 terga
425 965 507 1017 metu
530 957 671 1034 uersique
694 974 749 1035 per
771 974 857 1034 agros

59 1045 231 1126 diffugiunt,
254 1062 329 1123 quae
353 1044 414 1105 sola
438 1044 531 1105 salus:
553 1063 609 1106 nee
632 1053 716 1124 terga
738 1052 880 1106 ruentum
1023 1055 1074 1104 250

59 1151 144 1192 mens
166 1132 271 1212 Minyis
295 1152 441 1194 conuersa
464 1135 562 1215 sequi,
586 1136 669 1195 stetit
692 1135 777 1195 anxia
800 1135 905 1194 uirtus

58 1239 129 1281 ecce
153 1220 213 1282 leui
236 1224 348 1300 primos
370 1225 429 1283 ianr
453 1216 593 1302 spargere
617 1223 728 1283 lumine
752 1230 857 1302 portus

59 1320 124 1371 orta
148 1310 211 1370 dies
231 1319 377 1390 notaeque
401 1302 521 1394 (00100)
541 1311 693 1373 albescere
716 1320 825 1373 turres.

60 1395 101 1458 ‘di
120 1394 222 1459 maris'
246 1402 371 1460 attonito
395 1400 559 1461 conclamat
580 1398 616 1460 ab
641 1401 756 1479 agmine
780 1399 890 1479 Tiphys

59 1483 105 1547 ‘ut
128 1506 193 1548 mea
216 1488 296 1549 fatali
319 1488 480 1550 damnastis
501 1496 623 1569 pectora
647 1487 763 1549 sonum!
1023 1500 1077 1549 200
1171 1492 1178 1501 ”

22 1618 24 1624 .
58 1577 119 1637 beu
139 1578 212 1637 socii
237 1579 355 1655 quantis
378 1577 557 1659 conplerunt
579 1577 665 1639 litora
689 1572 857 1638 monstrisl'

58 1665 101 1726 illi
124 1674 224 1727 autem
247 1684 345 1746 neque
369 1666 465 1729 adbuc
489 1669 616 1746 gemitus
640 1685 738 1747 neque
762 1668 880 1727 conscia
904 1667 973 1727 lacti

59 1773 110 1814 ora
134 1754 249 1835 leuant3
272 1763 355 1816 tenet
378 1774 527 1834 exangues
550 1758 632 1835 rigor
654 1755 795 1816 horridus
819 1762 915 1835 artus,

58 1861 114 1903 ceu
137 1852 228 1922 pauet
250 1844 287 1903 ad
310 1846 409 1905 crines
433 1853 463 1904 00
485 1846 583 1904 tristia
606 1843 756 1904 Pentheos
775 1861 826 1902 ora

58 1931 179 2014 Thyias,
202 1931 254 1992 ubi
276 1932 410 2011 inpulsae
433 1935 492 1992 iam
515 1951 546 1992 00
571 1933 644 1993 deus
667 1935 782 2011 agmine
802 1933 905 1994 matris
1023 1943 1074 1992 200

58 2020 182 2081 abstulit
205 2029 235 2082 et
258 2024 337 2081 caesi
359 2031 526 2082 uanescunt
549 2040 661 2082 cornua
684 2023 770 2082 tauri.

58 2128 114 2170 000
137 2112 236 2170 miuus
259 2111 345 2171 011001
368 2111 572 2190 grandaeuum
594 2110 630 2172 ad
653 2111 741 2172 litora
763 2110 882 2191 uulgus,

58 2206 92 2259 ut
115 2200 211 2259 socias
234 2200 338 2260 uidere
362 2218 479 2281 manus,
502 2199 573 2259 dare
596 2217 685 2260 00000
708 2206 860 2260 000000οιιο

57 2296 141 2366 terga
164 2296 254 2348 metu.
301 2288 434 2348 dextram
458 2289 584 2349 tendens
607 2287 770 2367 proclamat
792 2287 878 2347 lason

58 2371 145 2455 ‘quos
160 2373 284 2455 fugitis?
306 2376 414 2437 uellem
438 2376 492 2437 hac
507 2377 646 2456 equidem
660 2395 708 2437 me
722 2385 820 2457 strage
835 2393 976 2454 meosque
1023 2388 1075 2437 ato

56 2463 253 2543 procubuisse
278 2468 379 2545 magis.
425 2466 500 2527 deus
522 2465 609 2548 baec,
632 2466 707 2527 deus
729 2485 817 2545 asper
839 2467 975 2544 utrisque

57 2553 201 2632 inplicuit.
248 2573 352 2615 sumus
374 2555 434 2615 heu
457 2555 585 2636 Minyae,
609 2573 712 2615 sumus
735 2555 852 2635 hospita
875 2554 971 2615 turba.

57 2661 112 2703 000
136 2645 224 2703 etiam
246 2641 378 2703 llammas
401 2645 586 2722 miserosque
610 2661 761 2703 moramur
783 2637 948 2702 honorest'

103 2729 178 2791 'lum
202 2749 293 2810 super
317 2749 466 2810 exangues
485 2731 636 2791 confertae
661 2731 759 2792 caedis
783 2748 908 2791 aceruos

55 2822 213 2899 praecipiti
235 2820 377 2899 plangore
400 2828 505 2901 ruunt3
529 2821 663 2899 agnoscit
685 2823 716 2881 in
740 2821 797 2880 alta
1021 2830 1072 2879 200

56 2916 155 2987 strage
177 2911 278 2970 010000
301 2927 355 2970 000
376 2917 457 2971 texta
478 2927 601 2990 parens,
624 2927 677 2971 000
699 2928 824 2970 munera
846 2911 984 2969 coniunx.

56 3000 79 3056 it
102 2999 230 3076 gemitus
253 3006 316 3059 toto
339 2999 459 3059 sinuosa
481 3016 537 3077 per
560 3016 689 3077 aequora
712 2998 802 3059 00010.

55 3104 125 3164 pars
148 3088 247 3147 tennis
270 3086 358 3148 110000
382 3094 412 3147 00
435 3086 531 3147 adbuc
554 3086 710 3147 stridentia
733 3095 876 3167 prensant

55 3174 192 3257 uolnera,
215 3193 284 3254 pars
307 3193 374 3236 sera
396 3184 570 3255 conponunt
592 3174 704 3236 lumina
727 3176 837 3236 dextra.

55 3271 85 3323 00
109 3281 182 3324 uero
205 3266 237 3324 in
260 3266 365 3326 mediis
389 3267 515 3343 exangui
537 3281 608 3343 rege
632 3273 752 3343 reperto
800 3292 802 3296 ·

55 3351 228 3434 aggeribus,
250 3355 330 3414 tristi
353 3352 460 3414 sileant
483 3371 539 3413 000
563 3360 663 3414 000000
685 3352 815 3433 planctu,

57 3443 100 3500 sic
125 3440 268 3502 famulum
291 3449 478 3521 matrumque
502 3440 600 3523 dolor,
623 3444 666 3502 sic
690 3444 787 3503 omnis
809 3441 845 3502 ad
868 3459 961 3501 unum

54 3547 145 3591 00000
168 3547 282 3592 manus.
329 3533 408 3597 eirea
430 3530 561 3593 lacrimis
584 3549 619 3592 00
641 3529 799 3592 mentibus
819 3532 912 3606 aegri

855 3627 889 3678 Ψ-
