2384 3878
363 141 835 221 Aacouuurrcoumaann.
1066 165 1110 231 39

88 314 182 375 cauda
205 312 296 394 redit,
318 330 482 391 passosque
507 315 591 375 sinus
613 315 691 393 rapit
713 314 805 376 ardua
828 317 940 377 ceruix.

87 404 168 465 illam
190 401 413 462 incumbentem
435 420 490 481 per
512 403 591 463 mille
614 402 766 464 uolumina
788 411 898 482 pontus

88 493 282 571 prosequitur
304 490 390 551 lateri
413 491 577 574 adsultans,
600 492 784 572 trepidisque
808 500 947 555 ruentem

88 580 227 641 litoribus
250 598 303 640 sua
327 583 407 659 cogit
428 579 552 660 hiemps.
585 599 645 641 non
668 580 809 642 fluctibus
833 584 935 662 aequis

89 669 220 730 nubiferi
243 671 328 729 uenit
350 668 429 730 unda
452 669 535 750 Noti,
558 687 619 730 non
642 669 761 731 Africus
784 670 843 731 alto

89 766 189 819 tantus
213 765 283 818 ouat
305 759 470 837 patriisque
493 776 598 819 manus
622 777 691 819 cum
713 759 821 839 plenus
843 759 967 821 habenis

89 846 183 907 Orion
206 845 347 924 bipedum
370 845 441 907 flatu
465 865 546 908 mare
569 846 647 907 tollit
670 866 825 926 equorum.

88 953 159 995 ecce
183 935 289 995 ducem
312 935 435 1013 placitae
459 936 546 996 furiis
570 935 748 997 crudescere
771 954 887 1016 pugnae

88 1033 321 1102 surgentemque
345 1026 420 1085 toris
443 1031 544 1104 stupet
566 1027 784 1104 immanemque
807 1033 914 1104 paratu

88 1112 229 1172 Aeacides
252 1112 432 1192 pulsentque
455 1131 563 1192 graues
586 1122 620 1174 ut
643 1121 726 1193 terga
749 1113 915 1192 pharetrae.

87 1200 137 1260 ille
160 1208 276 1279 patrem
299 1201 454 1282 pelagique
478 1203 550 1263 deos
574 1220 686 1281 suaque
710 1221 791 1263 arma
814 1212 954 1282 precatus

87 1288 202 1350 insiluit
225 1290 361 1369 scopulo,
384 1298 556 1370 motumque
581 1310 597 1351 e
622 1290 742 1352 sedibus
766 1310 878 1370 aequor

88 1377 206 1439 horruit
230 1385 260 1438 et
283 1378 356 1438 celsi
385 1382 513 1458 spatiosa
536 1379 688 1440 uolumina
711 1383 846 1441 monstri.

87 1466 183 1546 qualis
207 1466 258 1527 ubi
281 1485 298 1526 a
320 1467 410 1545 gelidi
432 1468 543 1528 Boreas
566 1468 751 1529 conuallibus
774 1467 868 1529 Hebri

88 1555 204 1617 tollitur
227 1563 258 1615 et
280 1555 419 1617 uolucres
442 1556 573 1635 Riphaea
596 1575 651 1637 per
674 1558 766 1618 ardua
788 1557 885 1619 nubes

87 1646 264 1723 praecipitat
288 1638 388 1726 (piceo
412 1664 471 1706 nox
494 1653 558 1706 tum
582 1653 664 1706 tenet
688 1649 787 1707 omnia
810 1639 921 1729 caelo):

87 1732 137 1793 illa
161 1731 248 1792 simul
271 1733 379 1793 molem
402 1734 571 1794 horrificam
594 1735 810 1814 scopulosaque
833 1743 917 1814 terga

86 1829 245 1901 premonet
267 1822 439 1900 ingentique
462 1823 542 1882 unda
566 1823 658 1902 subit3
682 1826 843 1884 intremere
867 1823 936 1883 inde
1003 1859 1007 1865 -

87 1910 230 1989 inlidique
253 1910 338 1970 uadis
361 1928 471 1989 pronae
495 1918 584 1989 atque
608 1930 766 1991 resurgere
789 1930 913 1991 puppes.

87 2006 214 2078 occupat
236 1997 353 2059 Alcides
377 2017 480 2059 arcum
502 2007 624 2079 totaque
646 2000 804 2078 pharetrae

87 2087 168 2148 nube
191 2089 308 2166 premit.
355 2106 415 2148 non
438 2087 486 2148 illa
510 2090 603 2168 magis
626 2106 715 2167 quam
738 2089 809 2150 sede
832 2096 972 2150 mouetur

87 2194 212 2255 magnus
235 2174 327 2256 Eryx,
352 2177 469 2237 deferre
492 2177 587 2237 uelint
610 2196 700 2257 quem
722 2177 849 2238 uallibus
867 2176 989 2239 imbres.

87 2269 147 2327 iam
170 2264 272 2324 breuis
296 2272 326 2325 et
348 2265 407 2325 telo
430 2265 547 2326 uolucri
570 2283 631 2326 non
653 2265 736 2326 utilis
760 2285 819 2328 aer.

87 2364 248 2416 tumuere
272 2353 408 2414 fremitus
431 2357 560 2433 uanique
584 2357 698 2415 insania
722 2357 820 2435 coepti

86 2453 118 2504 et
141 2443 250 2503 tacitus
272 2442 369 2521 pudor
393 2451 423 2504 et
446 2461 552 2504 rursus
574 2443 736 2524 pallescere
761 2447 861 2523 uirgo:

87 2532 197 2612 proicit
220 2548 300 2591 arma
323 2550 426 2612 manu,
450 2532 588 2612 scopulos
611 2535 770 2611 uicinaque
794 2551 863 2592 saxa

87 2621 224 2700 respicit,
244 2627 275 2681 et
298 2626 442 2697 quantum
463 2622 564 2680 uentis
588 2620 687 2680 adiuta
709 2629 845 2681 uetustas

87 2707 237 2788 inpulerat
259 2709 383 2787 pontiue
407 2709 521 2789 fragor,
544 2715 660 2790 tantum
683 2708 808 2769 abscidit
830 2709 883 2769 imi

86 2799 262 2858 concutiens
284 2814 301 2856 a
325 2797 395 2857 sede
419 2799 517 2857 maris.
549 2799 667 2877 iamque
691 2800 806 2877 agmine
830 2803 893 2858 toto
1051 2807 1104 2859 oet)

86 2886 191 2967 pistris
215 2885 298 2946 adest
323 2887 508 2965 miseraeque
531 2886 625 2948 inhiat
647 2889 705 2949 iam
727 2889 861 2966 proxima
883 2883 1019 2965 praedae.

85 2984 146 3036 stat
169 2974 274 3034 mediis
298 2975 392 3035 elatus
415 2976 500 3054 aquis
523 2977 688 3054 recipitque
712 2984 850 3037 ruentem

87 3064 206 3124 Alcides
230 3081 359 3142 saxoque
382 3066 465 3142 prior
488 3066 641 3142 surgentia
664 3065 738 3125 colla

86 3152 201 3230 obruit3
223 3151 294 3212 hinc
317 3150 431 3213 ualidos
454 3153 559 3213 nodosi
581 3151 700 3213 roboris
723 3155 802 3213 ictus

86 3242 283 3321 congeminat.
316 3240 425 3302 fluctus
449 3241 584 3302 defertur
606 3241 693 3302 belua
716 3243 747 3302 in
770 3243 846 3301 imos
1052 3250 1105 3303 536

87 3332 147 3391 iam
170 3331 240 3390 totis
264 3329 396 3390 resoluta
419 3330 516 3410 uadis3
540 3329 684 3409 ldaeaque
708 3337 803 3391 mater
961 3407 963 3411 Ι

86 3426 118 3479 et
141 3418 252 3479 chorus
274 3426 305 3479 et
328 3419 452 3480 summis
475 3418 628 3480 ulularunt
651 3418 777 3479 collibus
800 3419 918 3480 Amnes.

84 3509 224 3587 protinus
248 3526 264 3568 e
288 3508 417 3588 scopulis
441 3516 471 3571 et
494 3526 588 3591 opaca
608 3507 688 3570 ualle
708 3515 884 3587 resurgunt,
