2384 3878
494 189 545 244 AD
563 189 630 244 LIB.
651 192 684 244 ΙΙ.
996 193 1087 248 ΧΧΧΙ

159 340 223 398 439
248 338 515 398 ootiSoooottrooo
538 339 737 400 Schraderus:
760 345 842 401 uetes
865 343 1035 404 5555515555
1049 345 1086 403 V.

160 428 227 489 440
244 428 314 486 eote
336 426 534 487 Semadems:
558 443 645 487 mooe
666 428 703 488 V.

132 528 135 533 ’
157 517 222 575 448
247 515 322 575 15555
343 518 409 575 trtto
432 515 589 577 Heinsius:
613 518 692 577 leuet
713 523 804 577 troeto
827 517 863 577 V.

157 604 224 662 450
247 605 372 664 obtendit
391 605 579 681 Maduigius:
603 607 724 666 ostendit
745 605 782 664 V.

158 693 222 751 452
248 693 342 766 unae
364 693 445 752 edd:
469 695 575 754 oceidit
595 693 632 775 V.

157 781 222 840 453
245 782 351 854 demtis
371 787 405 840 ot
427 783 552 856 seopulis
574 783 695 858 scripsi:
718 784 808 855 soto
829 787 980 845 succedens
1004 785 1039 844 V.

85 880 90 890 '
157 869 223 928 454
247 870 421 944 debitosque
444 870 563 946 scripsi:
586 889 768 945 5555555555
789 872 818 929 V
839 872 950 948 inepte.

155 959 222 1016 464
245 961 373 1018 maeotis
397 959 516 1035 scripsi:
540 962 689 1035 serpentia
717 959 754 1019 V.
778 962 895 1036 quoties
918 981 1001 1021 mare
1034 964 1085 1022 uel

64 1046 177 1106 leniter
197 1046 398 1124 mouebatur,
426 1047 527 1124 uirgo,
554 1049 661 1123 utpote
688 1048 809 1107 beluam
842 1050 1084 1126 appropinquare

63 1130 152 1213 5555,
174 1135 317 1195 lacrimas
340 1137 429 1195 fudit.

62 1258 65 1262 ·
154 1224 220 1285 465
245 1242 309 1301 sqq.
333 1227 501 1285 eoootmum
522 1226 612 1285 uetanti
633 1226 727 1286 555155
749 1230 845 1286 tameo
867 1232 930 1286 orto
952 1231 1081 1287 ooootem

64 1317 174 1374 moeret
202 1314 273 1373 ebor
299 1313 445 1374 Pariusue
469 1317 554 1373 uotos
584 1318 610 1372 et
635 1316 755 1374 555555
781 1318 870 1375 sumit
897 1333 962 1374 oum
993 1317 1078 1390 lupis.

63 1402 177 1461 mirum
204 1403 252 1461 est
280 1403 430 1461 neminem
452 1402 654 1477 interpretum
679 1403 753 1462 haee
781 1423 816 1461 er
838 1402 968 1479 Vergilii
992 1401 1081 1478 [Aen.

63 1490 79 1549 Ι
109 1491 174 1551 592
203 1487 262 1566 sq.]
291 1491 460 1551 imitatione
488 1491 601 1566 seripta
629 1509 695 1550 5555
723 1491 982 1551 animaduertisse.
1029 1493 1082 1551 sed

64 1598 99 1639 55
130 1580 215 1639 loeus
245 1578 441 1654 Vergilianus
473 1598 492 1638 5
520 1580 680 1638 Valeriano
713 1580 814 1640 differt
846 1580 926 1657 quod
957 1580 1019 1639 11115
1050 1580 1082 1638 id

63 1668 145 1744 quod
176 1668 225 1745 fit,
256 1667 304 1727 hio
336 1669 416 1745 quod
447 1670 508 1727 iam
539 1670 654 1728 factum
687 1671 735 1728 555
770 1668 956 1745 designatur.
1011 1688 1082 1728 nam

51 1756 211 1816 Hermas
234 1757 386 1832 uirginem
412 1758 444 1816 in
466 1777 542 1833 rupe
569 1757 751 1834 pendentem
780 1761 936 1833 tamquam
959 1776 1082 1833 operam

63 1844 198 1922 aliquam
221 1844 345 1906 artificis
368 1847 594 1905 manufactam
616 1845 753 1903 55155555.
800 1845 852 1904 sed
874 1846 907 1902 in
928 1846 985 1904 1555
1004 1864 1082 1904 eem-

62 1935 223 2009 perennes
248 1934 402 1994 ’515551555
438 1935 569 2010 primum
605 1953 664 1993 uox
704 1926 837 1992 ‘tamen'.
898 1952 969 1992 nam
1009 1933 1081 1993 talis

62 2022 214 2099 oppositio
239 2017 388 2100 ‘quamuis
411 2024 508 2083 multa
534 2025 600 2082 arte
627 2027 730 2082 tamen
756 2026 893 2082 eoaotum
920 2025 967 2082 est
994 2014 1081 2081 ebur'

61 2130 188 2186 prorsus
212 2111 327 2171 absone
350 2112 404 2172 est.
433 2112 502 2190 lege
526 2105 680 2185 ‘tandem’,
704 2130 762 2186 quo
785 2111 933 2171 55555515
956 2110 1080 2169 artificis

60 2199 150 2260 labor
177 2200 322 2261 adsiduus
356 2201 480 2278 egregie
512 2200 699 2276 exprimitur.
745 2200 852 2258 deinde
879 2219 934 2274 pro
964 2192 1107 2258 ‘sumit’·

60 2290 232 2349 5555555515
256 2289 447 2349 scribendum
470 2292 518 2349 555
536 2281 677 2365 ‘sumsit',
699 2291 861 2363 propterea
884 2287 964 2363 quod
987 2287 1023 2346 de
1046 2306 1080 2345 55

59 2376 123 2436 iam
144 2378 228 2437 faeta
250 2379 361 2455 agitur.

151 2467 216 2526 469
241 2484 305 2526 sors
326 2467 483 2526 Heinsius:
506 2485 585 2526 mors
611 2465 643 2524 V.

151 2556 216 2614 472
247 2574 302 2630 pro
331 2549 527 2631 ‘frequentes'
556 2555 660 2613 malim
688 2547 860 2629 ε55555555’;
888 2553 925 2611 of.
953 2554 981 2609 V
1004 2555 1079 2612 455.

151 2644 216 2704 477
241 2648 302 2703 troo
324 2644 402 2702 Phil.
425 2643 597 2720 Wagnerus
620 2642 636 2700 Ι
658 2662 686 2717 p.
712 2642 792 2701 634:
816 2659 881 2700 oum
903 2641 940 2697 V.

151 2733 217 2792 479
241 2733 364 2792 uultus
387 2732 506 2806 scripsi:
529 2732 661 2789 monibus
683 2729 719 2786 V.

151 2821 216 2881 493
240 2824 319 2881 uasti
336 2820 492 2880 Heinsius:
517 2821 595 2892 copti
616 2818 652 2876 V.

152 2911 217 2970 519
240 2912 322 2969 endo
346 2910 465 2985 scripsi:
488 2911 595 2969 umbro
608 2908 644 2965 V.
662 2939 700 2948 -
718 2909 783 2967 inde
807 2906 926 2982 scripsi:
949 2907 1025 2965 idem
1041 2906 1078 2964 V.

152 2999 217 3058 520
239 3000 328 3058 uodts
349 2998 492 3058 Beokius:
515 3002 594 3057 rotes
607 2997 643 3053 V.
661 3026 699 3037 -
710 3013 826 3069 peoooe
848 2999 931 3067 utque
954 2993 1078 3068 seripsi:

58 3104 227 3163 pronaeque
248 3086 285 3146 V.
308 3119 352 3126 -
369 3105 487 3160 puppes
505 3085 686 3146 Gronouius:
710 3089 806 3144 teones
827 3083 863 3140 V.

151 3178 215 3236 526
253 3175 357 3234 malim
394 3169 437 3234 ‘et
473 3175 638 3250 pallescens
675 3191 763 3231 urere
798 3164 915 3248 uirgo'3
951 3172 987 3230 of.
1026 3172 1080 3246 qui

62 3263 184 3326 Valerio
208 3265 388 3325 obuersatus
413 3268 459 3323 est
482 3263 637 3339 Vergilius
661 3259 734 3336 [XII
759 3262 821 3320 666
847 3258 924 3335 sqq.]

14 3356 18 3363 ’
150 3355 215 3414 534
237 3354 353 3414 eolides
376 3352 497 3428 soripsi:
520 3356 620 3410 uastos
642 3349 678 3408 V.

151 3444 216 3503 550
241 3460 353 3502 emerso
374 3440 535 3500 Heinsius:
559 3442 664 3499 emisso
686 3439 741 3498 V.·
850 3450 855 3455 ·

147 3534 219 3608 pest
245 3551 274 3590 5.
299 3531 362 3590 565
392 3530 455 3591 sine
478 3529 563 3590 iusta
585 3546 680 3590 eausa
696 3528 848 3589 iaeunam
866 3522 1105 3585 state‘uffius.
