2384 3878
85 151 160 206 XLII
488 149 694 202 PRAEFATIO

85 305 121 360 ut
145 300 319 376 saepissime
342 299 424 375 apud
436 299 603 374 Valerium,
626 298 713 357 dccet
726 298 811 357 Marc
827 295 883 373 [IX
898 295 954 372 21]
980 291 1101 374 ‘sequor

87 390 187 449 emina
209 392 296 448 tanta
310 387 443 465 quisquis
466 388 499 446 in
521 407 606 446 arma
619 380 731 447 uocas'.
745 387 847 463 itaque
866 405 902 444 ex
916 379 989 446 ‘uel'
1014 385 1102 446 elicui

87 471 178 537 ‘ciet'.
225 477 331 536 deinde
353 495 409 553 pro
433 469 536 534 ‘fallit’
560 476 629 534 dedi
653 469 765 554 ‘altu1s'.
801 495 872 533 narn
894 475 1101 536 adsurrexisse

87 566 126 626 ad
148 567 225 625 talia
248 566 347 625 omina
360 567 479 624 ueteres
494 585 537 623 ex.
553 585 597 640 gr.
613 583 648 622 ex
662 564 798 640 Vergilio
824 563 868 640 [Il
893 561 969 638 699]
995 565 1100 624 clucet

177 657 240 714 681
266 656 347 713 :mdc
372 653 580 712 Schenkelius:
602 655 709 712 crebra
731 653 759 710 V
783 672 819 710 ex
840 653 887 710 Ill
911 654 984 712 215.
1037 727 1040 732 ,

177 745 238 802 702
264 761 318 802 erc
344 745 395 802 abi
418 742 536 818 scripsi:
564 743 663 801 occule
691 741 719 798 V
741 742 851 816 inepte.
899 735 964 800 ‘cra
986 742 1100 816 pallen-

84 825 140 891 tie'
163 832 257 890 habes
281 831 324 889 IV
348 834 414 891 490
437 850 494 907 sq.;
517 829 576 889 Vll
601 834 650 890 79.

176 922 238 980 705
272 938 394 980 sacurem
426 919 544 995 scripsi:
577 937 675 979 serum
705 917 734 975 V
766 920 830 978 sine
862 937 952 977 sensu
982 917 1099 978 idonee.

85 1001 224 1084 ‘uerum',
242 1009 322 1084 quod
343 1009 535 1067 Burmannus
549 1008 657 1083 uoluit,
681 1008 791 1065 mirum
806 1011 952 1083 quantum
964 1007 1100 1084 languet.

83 1098 168 1157 uides
193 1117 282 1173 quam
305 1100 376 1173 apte
400 1090 521 1156 ‘saeuus
544 1089 664 1155 Phasis’
689 1099 719 1154 et
748 1089 855 1154 ‘mites
872 1087 992 1176 (contra
1014 1099 1099 1155 natu·

84 1205 151 1245 ram
175 1178 274 1266 suam)
299 1179 414 1245 colchi'
438 1185 496 1245 sibi
519 1188 717 1263 opponantur.

176 1276 238 1333 709
263 1274 544 1334 tace-musacium
567 1273 688 1349 scripsi:
719 1274 954 1333 et-melieeact
980 1273 1017 1332 V.
1064 1273 1099 1332 cf.

176 1453 239 1510 715
263 1453 378 1510 iunctas
401 1451 503 1510 Thilo:
528 1454 662 1523 quamuis
685 1450 721 1507 V.

2 1617 5 1621 Ι
175 1542 238 1598 716
262 1544 302 1598 161
320 1540 438 1615 scripsi:
463 1538 537 1599 etV.
565 1540 714 1615 plerique,
737 1539 816 1597 inter
839 1557 913 1613 quos
927 1539 1100 1614 nuperrime

82 1627 177 1686 etiam
204 1627 377 1704 Maduigius
407 1628 521 1702 extitit,
549 1646 617 1686 cum
643 1646 704 1686 non
730 1627 943 1704 intellegerent
968 1628 1101 1703 primum

84 1715 121 1774 de
153 1713 245 1774 Ponti
270 1715 445 1793 latitudine,
479 1716 585 1775 deinde
619 1717 655 1774 de
687 1734 835 1791 aquarum
865 1716 1008 1775 ubertate
1041 1716 1100 1793 agi,

84 1823 178 1879 praue
202 1805 238 1863 de
262 1805 309 1865 his
328 1805 467 1865 uersibus
487 1805 726 1881 disputauerunt.

117 1957 120 1961 ,
175 1895 238 1953 718
266 1913 337 1953 curn
366 1893 604 1954 Slethouwerus:
632 1912 691 1952 acre
719 1892 760 1970 V3
789 1894 897 1952 ceteris
925 1893 987 1952 uiri
1018 1893 1099 1953 illius

82 1981 165 2039 docti
187 1983 405 2042 mutationibus
427 2001 488 2042 nen
511 2002 585 2058 opus
609 1986 664 2041 est.

175 2072 238 2129 719
262 2070 421 2146 Nouasque
442 2071 576 2130 nendum
599 2073 768 2130 correctum
792 2089 827 2128 ex
850 2070 879 2127 V
901 2070 1033 2130 restitui.
1086 2115 1090 2122 .

175 2159 239 2218 730
264 2178 306 2235 sq.
330 2159 434 2218 malim
448 2153 557 2235 ‘primo
571 2178 626 2218 nec
648 2178 720 2218 uere
734 2159 918 2234 profundum
937 2177 960 2219 s.
985 2178 1013 2218 a.
1027 2160 1098 2219 solis

83 2264 151 2304 cum
173 2240 245 2304 lux'.

174 2336 238 2394 734
261 2339 384 2408 requirit
406 2337 524 2412 scripsi:
549 2340 673 2410 exquirit
693 2336 731 2393 V.

174 2425 236 2482 746
269 2425 388 2484 lecheriis
418 2424 646 2509 Weytinglrius¹
666 2425 705 2483 ad
737 2425 825 2485 Hom.
857 2424 923 2483 Lat.
956 2445 985 2500 p.
1022 2427 1099 2485 230:

83 2510 202 2570 herenis
223 2511 260 2570 V.
581 2528 583 2532 ⁴

175 2602 237 2660 758
261 2602 347 2661 inliso
372 2601 548 2660 Columbus:
571 2600 725 2668 16616611.

144 2865 172 2922 V
196 2867 215 2924 3
243 2867 354 2925 61661661
381 2868 511 2924 66666166
539 2865 658 2941 scripsi:
694 2871 756 2925 tum
782 2869 974 2927 cecineritis
996 2866 1038 2943 V;
1063 2866 1098 2926 cf.

80 2955 97 3014 I
121 2956 184 3014 238
204 2973 247 3030 sq.

67 3037 71 3044 ’
173 3045 213 3102 35
237 3042 399 3102 Aesonides
421 3041 501 3100 edd.:
525 3040 691 3102 Aesonides
712 3042 749 3101 V.
817 3037 823 3052 ¹

173 3133 215 3191 38
239 3133 290 3204 qui
313 3131 431 3206 scripsi:
455 3149 528 3204 quas
550 3130 586 3189 V.

172 3220 213 3279 55
237 3219 342 3278 malim
365 3213 556 3280 ‘tabentibes'.

172 3310 214 3367 56
240 3312 373 3369 extremis
396 3308 514 3384 scripsi:
538 3312 670 3370 extermis
689 3309 725 3370 V.

174 3399 214 3456 72
239 3401 363 3458 mseras
385 3397 499 3457 addidi:
524 3416 581 3456 cm.
603 3395 640 3456 V.

171 3487 214 3544 84
239 3489 369 3561 referens
392 3486 511 3562 scripsi:
534 3491 663 3561 repeteres
685 3485 721 3544 V.
