2384 3878
312 1131 528 1215 lullonis
556 1129 828 1213 PRAEFATIO.
937 1200 940 1205 ⁴

516 1315 623 1322 ...ο-...η

154 1437 184 1499 0.
203 1437 337 1500 Valerius
360 1439 484 1500 Flaccus
507 1457 579 1500 num
603 1446 731 1499 mortem
754 1438 858 1499 obiens
882 1438 1079 1518 Argonautica

63 1527 100 1585 ad
128 1527 216 1588 linem
242 1529 387 1607 perducta
413 1532 473 1589 iarn
496 1527 623 1588 ediderit
649 1546 687 1588 an
709 1527 884 1607 imperfecta
912 1527 1078 1608 reliquerit,

63 1615 190 1676 multum
217 1619 297 1676 inter
324 1619 407 1677 uires
430 1616 535 1677 doctos
563 1616 761 1696 disceptatum
790 1625 843 1677 est.
893 1634 951 1695 qua
979 1616 1015 1677 de
1044 1633 1077 1675 re

63 1707 176 1765 certius
204 1704 348 1766 iudicium
379 1705 459 1765 serre
491 1705 606 1785 licebit,
638 1708 664 1765 si
691 1722 781 1783 quem
811 1708 843 1764 in
872 1723 982 1765 annum
1014 1704 1078 1765 dies

64 1792 145 1852 illius
169 1812 328 1871 supremus
351 1793 436 1854 cadat
458 1793 613 1854 constabit.
660 1812 729 1853 cum
756 1799 855 1852 autem
878 1793 1079 1863 Quintilianus

62 1884 94 1940 in
127 1883 348 1942 institutionum
378 1883 589 1963 oratoriarum,
621 1899 695 1960 quas
723 1882 802 1941 eirea
829 1899 853 1941 a.
883 1878 926 1942 90
953 1900 980 1961 p.
1009 1879 1078 1942 Chr.

63 1988 90 2029 n.
115 1969 266 2030 coniectas
290 1986 356 2030 esse
379 1968 574 2049 probabiliter
596 1977 779 2050 statuerunt,
802 1968 878 2030 libro
902 1968 928 2029 X
953 1967 996 2052 [1,
1019 1967 1077 2046 90]

61 2058 135 2118 haee
159 2057 282 2119 scribat:
306 2054 446 2119 ‘multum
468 2062 500 2119 in
524 2057 639 2119 Valerio
655 2057 760 2119 Flacco
784 2077 881 2138 nuper
904 2054 1078 2139 amisimus,

12 2174 15 2179 ·
61 2146 132 2206 hinc
155 2146 313 2207 nonnullos
337 2155 405 2208 ante
429 2166 453 2208 a.
468 2145 512 2208 00
527 2165 619 2207 annos
643 2166 659 2207 e
682 2146 781 2207 medio
796 2149 923 2207 cessisse
938 2146 1078 2208 Flaccum

54 2234 219 2316 colligitur.
266 2237 317 2314 qui
341 2237 421 2314 quod
443 2235 513 2296 libri
537 2239 635 2314 qiuarti
657 2255 686 2296 u.
711 2232 774 2297 507
800 2253 863 2314 sqq.
887 2237 997 2297 canit:'

152 2326 230 2384 sicut
251 2325 389 2403 prorupti
412 2327 510 2385 tonuit
533 2343 602 2385 cum
625 2325 702 2385 sorte
726 2322 850 2385 Vesaeui

151 2411 311 2491 Hesperiae
335 2412 430 2474 letalis
453 2431 540 2495 apex,
562 2414 685 2475 uixdum
708 2415 794 2492 ignea
817 2420 948 2473 montem

151 2502 238 2561 torsit
259 2502 368 2582 hiems,
391 2504 508 2581 iamque
532 2520 600 2562 eoas
623 2504 698 2562 cinis
720 2501 818 2562 induit
839 2502 944 2582 urbes,

60 2588 118 2648 hoc
146 2607 206 2648 non
233 2596 333 2668 potest
361 2608 421 2650 non
454 2592 621 2671 pertinere7
652 2596 686 2649 nt
715 2592 774 2649 iam
800 2587 1007 2650 Loehbachius
1036 2589 1077 2666 [ll

60 2695 89 2755 p.
118 2674 153 2753 8]
181 2677 258 2737 bene
286 2677 376 2758 uidit,
408 2678 578 2738 admontis
608 2676 731 2737 Vesuuii
762 2679 952 2756 eruptionem
980 2696 1004 2738 a.
1034 2675 1076 2738 79

61 2765 177 2826 iactam.
222 2767 322 2843 itaque
346 2783 407 2826 non
429 2765 557 2826 mtdtum
584 2784 601 2825 a
624 2784 699 2827 uero
722 2763 861 2826 aberrare
884 2766 971 2827 nobis
994 2766 1076 2828 uide·

61 2872 142 2935 mur,
166 2855 192 2914 si
215 2872 292 2914 anno
316 2855 379 2915 iere
404 2851 569 2916 soverent
591 2863 719 2915 mortem
742 2854 885 2915 accidisse
909 2857 1076 2916 statuimus.

60 2945 191 3021 primum
219 2949 319 3003 autem
342 2941 612 3021 Argonauticerum
640 2942 749 3004 librum
772 2945 931 3003 recitatum
960 2962 1027 3004 esse
1051 2961 1075 3003 a.

63 3027 102 3090 71
128 3048 183 3090 suo
206 3032 272 3091 iure
294 3032 354 3091 uiri
373 3031 454 3091 docti
476 3050 514 3092 ex
536 3034 682 3111 prooemii
709 3050 739 3091 u.
765 3029 804 3091 11
830 3049 893 3110 sqq.
923 3032 1075 3094 concluse-

60 3126 140 3180 runt.
185 3121 287 3198 itaque
310 3121 336 3179 si
359 3137 383 3179 a.
408 3116 451 3181 85
479 3119 558 3181 diem
585 3120 702 3180 letalem
730 3118 854 3180 Flaccus
881 3118 967 3202 obiit,
991 3123 1075 3201 quin·

62 3208 159 3268 decim
182 3207 246 3267 lere
269 3209 339 3268 antri
367 3208 403 3268 ad
433 3206 609 3269 elaboranda
631 3207 831 3288 Argonautica
854 3211 882 3268 ei
905 3211 1076 3290 suppetlue·

61 3302 142 3356 runt.
170 3294 290 3356 dillicile
314 3295 435 3374 quidem
459 3304 505 3356 est
527 3297 558 3356 in
581 3304 662 3358 tanta
681 3296 865 3376 singulorum
888 3298 1076 3377 ingeniorum

61 3383 252 3466 diuersitate,
285 3391 429 3462 quantum
460 3392 565 3464 poetae
598 3387 675 3466 epici
708 3388 852 3465 temporis
887 3387 920 3445 in
951 3386 1083 3459 singulis

60 3470 145 3532 libris
185 3473 398 3551 componendis
435 3476 700 3558 consumpserint,
735 3482 825 3534 certo
860 3472 1046 3536 summ
1068 3478 1117 3516 s}—

860 3567 900 3621 Q*-
