2384 3878
332 200 625 257 ARGONAUTIOON
642 201 752 256 LIBER
769 201 804 257 II.
1035 204 1078 268 27

58 351 119 413 iam
142 349 234 431 cadit,
257 351 334 410 irato
357 352 416 410 iam
439 349 546 412 stridet
568 352 599 411 in
623 369 752 430 aequore
776 346 930 435 Perseus),

58 440 112 501 sed
135 439 208 500 mihi
231 439 305 520 dux,
328 441 432 500 uetitis
456 441 508 518 qui
530 458 694 519 numquam
716 440 854 501 conditus
878 441 967 519 undis

58 547 112 590 axe
136 530 213 589 nitet
236 546 361 609 serpens
384 536 583 608 septenosque
607 528 738 609 implicat
760 525 865 609 ignes?

59 619 103 681 sic
126 619 167 677 ait
190 625 220 678 et
243 619 319 678 certi
341 625 486 678 memorat
510 620 561 697 qui
584 617 687 679 uultus
711 617 836 700 Olympi,

59 705 198 768 Pleiones
220 705 414 786 Hyadumque
438 706 533 790 locos,
557 725 617 786 quo
641 707 738 768 sidere
764 706 865 768 uihret

59 795 149 857 Ensis
173 803 203 856 et
225 794 353 856 Actaeus
376 797 469 856 niteat
492 814 550 875 qua
572 795 639 857 luce
664 796 781 857 Bootes.

58 883 132 946 haec
155 883 208 945 uhi
231 883 309 945 dicta
332 884 425 966 dedit,
449 883 568 944 Cereris
591 891 656 945 tum
679 903 803 946 munere
827 885 920 945 iessas

58 975 224 1035 restituunt
247 976 329 1034 uires
353 981 384 1034 et
405 991 497 1053 parco
521 991 647 1053 corpora
670 973 794 1034 Baccho.

59 1080 129 1123 mox
152 1080 256 1123 somno
281 1080 412 1144 cessero3
436 1070 544 1141 regunt
567 1081 620 1123 sua
644 1062 741 1123 sidera
763 1080 903 1143 puppem.

44 1209 47 1216 .
102 1150 224 1231 lamque
248 1151 304 1212 suh
327 1151 405 1213 ane
429 1150 520 1212 dubio
543 1151 714 1213 Pallantidis
737 1154 805 1231 igne

58 1239 138 1301 alhet
161 1259 232 1320 ager
254 1243 402 1320 motisque
426 1249 528 1306 truces
551 1240 587 1301 ah
611 1240 740 1302 ouilibus
763 1243 828 1302 ursi

59 1336 124 1391 tuta
148 1328 311 1408 domosque
334 1337 453 1411 petunt,
477 1348 560 1390 raras
583 1337 614 1390 et
636 1328 707 1391 litus
730 1332 761 1390 in
784 1329 877 1391 altum

59 1420 151 1479 mittit
174 1437 258 1499 aues3
283 1436 351 1479 eum
373 1420 488 1497 primus
512 1421 597 1497 equis
621 1421 719 1498 exegit
741 1418 855 1479 anhelis

59 1506 198 1568 Phoebus
222 1507 319 1568 Athon
343 1507 513 1586 mediasque
537 1507 615 1568 diem
639 1507 780 1587 dispersit
802 1509 834 1567 in
856 1507 959 1568 undas.

59 1599 198 1658 certatim
220 1598 311 1657 remis
335 1599 432 1675 agitur
454 1614 536 1657 mare
559 1604 716 1676 rostraque
740 1614 832 1657 cursu

58 1686 155 1765 prim
177 1693 324 1766 tremunt3
347 1693 377 1745 et
399 1688 459 1746 iam
482 1688 605 1746 summis
628 1684 769 1746 Vulcania
791 1687 888 1764 surgit

59 1773 188 1835 Lemnos
211 1764 299 1853 aquis'
318 1773 373 1834 tihi
394 1792 450 1853 por
472 1776 572 1834 uarios
596 1774 703 1834 dilecta
726 1775 854 1855 huores

58 1864 241 1944 ignipotens3
264 1881 320 1923 nec
343 1871 373 1923 te
397 1863 483 1923 iuriis
506 1870 537 1922 et
560 1864 683 1922 crimine
707 1869 837 1922 matrum

60 1959 141 2012 terra
154 1953 245 2031 ¹fugat
268 1953 426 2030 meritique
449 1952 531 2030 piget
553 1953 723 2011 meminisse
747 1952 864 2030 prioris.

104 2039 252 2120 Tempore
277 2059 335 2120 quo
357 2041 489 2120 primum
512 2041 649 2101 fremitus
672 2042 829 2119 insurgere
853 2047 974 2118 opertos

60 2127 234 2190 caelicolum
257 2137 287 2190 et
310 2131 395 2209 regni
418 2132 511 2190 sensit
534 2132 666 2191 nouitate
690 2135 840 2190 tumentes

59 2217 194 2298 luppiter
217 2219 365 2280 aetheriae
389 2237 445 2279 nec
468 2226 548 2279 stare
572 2218 688 2279 silehtia
710 2219 801 2298 pacis,

59 2305 206 2368 lunonem
228 2307 345 2368 uolucri
366 2309 493 2387 primam
516 2307 671 2387 suspendit
694 2305 817 2386 Olympo

59 2393 244 2457 horrendum
267 2397 356 2457 chaos
380 2397 540 2458 ostendens
562 2413 733 2477 poenasque
757 2394 897 2456 barathri.

60 2503 129 2545 mox
152 2487 241 2546 etiam
262 2487 387 2567 pauidae
411 2492 605 2567 temptantem
627 2484 747 2546 uincula
769 2485 872 2545 matris

60 2573 178 2635 soluere
201 2577 356 2654 praerupti
377 2574 542 2636 Vulcanum
564 2577 677 2635 uertice
702 2573 775 2634 caeli

60 2661 207 2746 deuoluit3
231 2666 292 2724 ruit
315 2663 363 2723 ille
386 2662 455 2742 polo
478 2671 655 2741 noctemque
680 2662 818 2741 diemque

58 2750 190 2813 turbinis
212 2754 244 2813 in
267 2770 394 2834 morem,
417 2750 521 2811 Lemni
544 2750 616 2811 dum
638 2750 724 2812 litore
748 2749 867 2810 tandem

58 2841 201 2901 insonuit.
247 2861 307 2903 uox
329 2841 397 2903 inde
421 2859 530 2921 repens
553 2848 587 2901 ut
608 2839 737 2920 perculit
760 2838 874 2919 urbem,

60 2928 207 2990 adclinem
230 2930 352 3011 scoprdo
374 2932 534 2991 inueniunt
556 2932 759 3009 miserentque
783 2930 946 3006 iouentque

59 3017 191 3079 alternos
215 3037 304 3099 aegro
327 3026 517 3081 cunctantem
539 3018 651 3099 poplite
675 3037 805 3098 gressus.

59 3105 143 3188 hinc,
167 3126 274 3169 rursus
297 3126 421 3188 superas
443 3115 601 3188 postquam
623 3115 709 3187 pater
732 3107 835 3167 adnuit
858 3122 951 3185 arces

60 3193 189 3257 Lemnos
213 3215 280 3258 cara
303 3197 372 3280 deo,
396 3215 451 3258 nec
475 3198 551 3257 lama
574 3198 673 3257 notior
696 3197 789 3256 Aetne
1039 3204 1074 3254 95

60 3293 112 3345 aut
135 3284 257 3366 Lipares
280 3286 399 3348 domus:
421 3286 474 3347 has
498 3285 613 3366 epulas,
635 3285 709 3346 haee
732 3282 840 3363 templa
864 3290 987 3362 peracta

54 3364 163 3453 ’aegide
187 3383 218 3435 et
239 3375 372 3436 horritioi
395 3376 529 3436 formatis
552 3374 684 3436 iulminis
707 3372 760 3434 alis

60 3459 156 3539 laetus
180 3463 248 3526 adit.
294 3473 397 3526 contra
420 3463 544 3525 Veneris
567 3471 626 3524 stat
648 3462 754 3543 frigida
778 3478 896 3541 semper

59 3568 111 3612 ara
132 3551 211 3635 loco,
234 3556 357 3616 meritas
378 3561 540 3637 postquam
563 3552 621 3616 dea
642 3553 785 3634 coniugis
801 3553 872 3613 'uas
