2384 3878
362 162 655 220 ARGONAUTIOON
673 166 783 221 LIBER
800 167 834 223 V.
1061 169 1105 235 87

82 315 174 376 duret
197 320 232 374 ut
253 312 392 374 inualidis
416 320 447 373 et
469 313 565 374 adhuc
588 317 731 394 genitoris
755 319 873 395 egenis:

83 404 157 465 haut
180 401 266 463 aliter
290 403 364 462 socii
387 420 528 482 supremo
551 404 741 483 intempore
765 404 882 486 Tiphyn

85 499 154 553 ante
177 490 250 552 alios
274 509 433 570 superesse
456 491 570 552 uolunt.
617 509 697 552 mors
720 493 827 573 frigida
850 503 954 556 contra

86 588 186 662 urget,
209 586 240 639 et
262 579 311 640 ille
335 597 441 640 recens
460 580 555 641 oculis
578 581 739 642 interuolat
752 581 865 645 Idmon.

50 732 53 737 ,
83 671 256 731 exanimum
278 668 390 729 frustra
412 668 526 748 Minyae
550 670 679 730 clamore
702 680 857 733 morantur

84 757 233 837 auellique
257 765 378 838 negant3
396 759 448 818 uix
472 757 605 819 membra
628 761 754 838 rigentia
776 761 897 822 tandem

85 848 244 927 inposuere
267 864 341 924 rogo
364 845 560 924 lacrimasque
584 854 614 907 et
637 865 762 908 munera
784 849 909 910 llammis
1070 863 1106 912 30

85 952 162 997 uana
184 935 298 1015 leruut3
322 936 432 995 crescit
454 934 540 995 donis
563 935 663 995 feralis
687 954 822 997 aceruus.

86 1031 120 1086 ut
141 1040 216 1085 uero
240 1023 392 1103 amplexus
416 1024 488 1084 sessi
511 1042 620 1104 rupere
644 1043 803 1104 supremos

86 1120 117 1175 et
138 1111 258 1192 rapidae
282 1130 410 1173 sonuere
434 1112 527 1194 faces,
551 1119 624 1173 tunc
647 1114 711 1193 ipsa
734 1117 862 1175 cremari

86 1204 150 1263 uisa
172 1202 246 1261 ratis
269 1200 425 1280 medioque
450 1204 532 1262 uiros
555 1201 705 1281 deponere
727 1211 828 1282 ponto.

85 1308 147 1352 non
170 1289 239 1351 tulit
260 1288 423 1351 Aesonides
446 1293 572 1368 geminis
595 1291 748 1369 llagrantia
771 1311 898 1353 cernens
1071 1304 1106 1354 35

85 1395 213 1459 corpora
236 1396 305 1437 cara
327 1380 421 1458 rogis
445 1379 497 1439 sed
520 1385 643 1457 pectore
666 1378 774 1440 ductor
797 1380 833 1440 ab
856 1382 916 1441 imo

85 1467 155 1529 talia
177 1485 253 1528 uoce
277 1468 381 1546 gemit:
405 1461 488 1544 ‘quid
512 1473 627 1527 tantum
649 1468 766 1528 insensa
788 1476 912 1548 repente

86 1551 230 1617 numina?
253 1557 305 1634 qui
328 1557 422 1615 nostri
445 1574 556 1635 poenas
580 1574 717 1617 meruere
740 1554 879 1618 labores?

85 1644 155 1707 bina
180 1636 294 1726 (nefas)
317 1651 383 1704 tuto
405 1647 517 1724 pariter
541 1644 613 1705 mihi
636 1645 741 1705 lunera
765 1653 891 1726 surgunt

86 1733 181 1796 litore.
228 1750 332 1811 magna
355 1732 428 1792 adeo
451 1734 594 1794 comitum
617 1751 835 1812 numerosaque
858 1731 975 1814 pubes?
1070 1746 1107 1797 4ο

84 1830 137 1884 aut
160 1822 258 1882 socios
280 1823 359 1900 rapit
382 1828 445 1881 atra
468 1821 532 1881 dies
560 1829 611 1881 aut
633 1824 696 1900 ipsc
721 1821 859 1900 relinquo
921 1853 926 1858 ·

86 1909 223 1972 sontibus
246 1909 383 1990 inpulsus
406 1909 513 1970 Furiis.
560 1909 612 1970 ubi
635 1906 768 1989 Tiphys?
790 1909 842 1970 uhi
865 1909 970 1970 Idmon

86 2001 146 2061 sata
168 1995 299 2060 canens?
321 1997 373 2058 uhi
397 1999 606 2059 monstriferae
629 2017 683 2078 par
705 1998 755 2058 ille
779 1995 949 2059 nouercae?

86 2097 116 2149 te
140 2089 219 2169 sine,
243 2087 421 2169 Thespiade‚
445 2106 500 2148 nos
523 2087 583 2148 ulla
605 2087 793 2148 mouehimus
816 2088 895 2148 ultra

84 2172 237 2256 aequora?
260 2194 316 2237 nec
339 2192 454 2236 summa
478 2176 681 2255 speculantem
703 2195 802 2255 puppe
826 2176 935 2236 uidebo
1070 2187 1107 2237 45

85 2264 299 2344 Pleiadumque
323 2264 426 2343 globos
449 2271 479 2324 et
502 2272 624 2344 agentes
647 2263 785 2325 noctibus
808 2261 936 2325 Arctos?

87 2357 137 2416 cui
159 2353 272 2433 Minyas
296 2372 454 2432 caramque
478 2361 585 2435 ratem,
610 2355 658 2414 cui
682 2353 779 2414 sidera
802 2351 918 2415 tradis?

42 2501 46 2509 .
87 2460 210 2522 carpere
234 2461 355 2503 securas
379 2445 446 2521 quis
468 2444 526 2502 iam
550 2442 634 2504 iubet
658 2442 772 2504 Aesona
796 2439 923 2504 noctes?

86 2531 144 2593 hoc
166 2530 263 2612 labor,
286 2530 342 2590 hoc
366 2530 446 2591 dulci
468 2534 579 2592 totiens
602 2531 736 2592 fraudata
760 2550 867 2610 sopore

86 2619 198 2682 lumina
221 2627 251 2680 et
274 2618 399 2679 admotis
418 2621 544 2679 nimium
566 2637 650 2679 mens
674 2620 759 2678 anxia
783 2619 900 2678 Colchis
1068 2629 1104 2680 50

86 2704 221 2788 profuit?
244 2707 303 2768 heu
327 2713 471 2786 quantum
493 2706 612 2788 Phasis,
636 2714 781 2786 quantum
804 2706 863 2766 dea
886 2705 1024 2767 recessit!

87 2815 168 2858 nuno
191 2814 324 2878 quoque,
347 2798 373 2855 si
395 2797 479 2855 tenui
502 2798 696 2875 superantia
719 2797 845 2874 imagine
870 2813 969 2877 curae,

88 2885 166 2947 adsis
189 2883 310 2966 umbra,
333 2903 453 2965 precor,
477 2886 598 2946 uenturi
620 2887 755 2964 praescia
777 2885 859 2966 caeli,

87 2982 296 3053 rectoremque
319 2981 387 3034 tuae
411 2992 531 3034 moneas
554 2969 647 3034 ratis?
693 2973 766 3034 haec
789 2973 841 3034 uhi
864 2974 951 3051 latus,

88 3063 150 3124 sola
172 3063 274 3124 uirum
296 3063 422 3123 llammis
445 3061 521 3122 uidit
543 3061 711 3122 labentibus
735 3079 810 3122 ossa.
1066 3072 1104 3123 55

88 3146 181 3231 ‘quod
204 3158 303 3212 tamen
327 3153 469 3212 extremis
492 3170 585 3211 unum
604 3150 735 3210 solamen
757 3153 789 3210 in
812 3152 873 3210 oris
955 3188 960 3197 -

88 3234 194 3302 restat’
218 3241 271 3322 ait,
296 3235 391 3300 ‘caras
414 3239 523 3300 humus
542 3239 613 3300 haec
637 3257 697 3299 non
721 3238 834 3299 diuidat
856 3237 977 3299 umbras

87 3347 214 3410 ossaque
238 3347 293 3389 nec
316 3328 431 3389 tumulo
455 3347 511 3388 neo
535 3347 638 3407 separe
663 3334 800 3406 contegat
823 3345 907 3410 urna,

88 3417 141 3478 sed
164 3417 265 3499 simul,
288 3426 322 3478 ut
345 3419 455 3478 iunctis
478 3419 604 3478 uenistis
627 3419 659 3477 in
683 3435 812 3495 aequora
834 3412 923 3478 latis!

87 3505 167 3567 haud
189 3523 285 3588 mora3
308 3506 449 3586 reliquias
472 3508 548 3570 socii
569 3506 739 3587 delictaque
759 3508 897 3567 miscent
1081 3517 1125 3558 sm
