2384 3878
321 211 615 270 ARGONAUTIOON
633 212 743 269 LIBER
760 214 808 268 III.

55 362 168 423 natales
190 380 317 441 rapuere
342 363 459 444 domos,
480 361 660 440 Triuiaeque
682 363 813 442 potentis

55 451 165 512 occidit
187 450 294 512 arcana
316 452 452 532 genetrix
474 449 629 531 absumpta
651 453 770 530 sagitta:

55 551 102 622 tu,
126 540 198 601 mibi
221 542 273 619 qni
296 543 427 602 coniunx
449 541 561 621 pariter
579 540 732 620 fraterque
754 557 922 619 parensque

56 630 137 690 solus
160 638 191 691 et
213 648 230 690 a
251 632 347 709 prima
369 630 469 691 fueras
492 648 562 709 spes
584 645 644 690 una
664 631 797 711 iuuenta,

56 719 170 780 deseris
193 718 266 799 beu,
288 727 440 798 totamque
464 718 539 780 deus
561 717 650 780 simul
672 717 781 798 inpulit
803 716 923 779 urbemi

56 816 102 869 ast
125 826 179 886 ego
203 826 263 868 non
286 809 435 870 mediate
458 806 576 888 saltem,
599 807 717 889 Cyame,
740 807 803 868 uidi

57 897 229 957 tendentem
250 897 324 958 mihi
347 905 443 958 morte
467 915 572 957 manus
595 903 647 957 aut
669 895 729 957 ulla
750 899 899 957 monentis

57 985 150 1046 uerba
174 985 240 1067 tuli3
264 989 337 1064 quin
361 993 391 1048 et
413 985 549 1047 thalamis
572 985 660 1046 modo
684 994 787 1064 questa
812 986 931 1065 morari,

56 1075 116 1135 heu
139 1074 228 1135 talem
250 1078 384 1155 tantique
407 1083 506 1135 metus
529 1091 636 1145 secura
658 1069 779 1153 recepi?

55 1163 136 1223 illam
159 1165 210 1224 nix
233 1167 351 1242 gemino
374 1181 511 1224 maerens
535 1181 605 1224 cum
626 1162 749 1224 Castore
772 1162 877 1223 Pollux

57 1254 145 1331 erigit
167 1252 341 1314 haerentem
364 1271 583 1333 compressaque
607 1252 682 1313 colla
704 1251 880 1313 trahentem.

101 1341 219 1402 Interea
241 1342 413 1403 innumeras
436 1341 556 1403 nudatis
577 1341 729 1403 montibus
748 1349 856 1419 urgent

58 1432 193 1491 certatim
218 1429 419 1509 decorantque
442 1448 531 1510 pyras
553 1437 584 1490 et
607 1448 733 1510 corpora
755 1432 861 1490 maesti

58 1536 173 1580 summa
196 1519 307 1599 locant3
331 1520 414 1581 uadit
437 1521 557 1598 sonipes
581 1520 700 1580 ceruice
723 1520 849 1580 remissa

58 1610 195 1669 oenatria
217 1625 273 1669 nec
296 1607 385 1669 turba
408 1625 515 1669 canum
537 1607 728 1688 pecudesque
751 1615 906 1669 morantur

58 1698 215 1758 funereae:
238 1697 298 1758 fert
321 1699 430 1776 cuique
453 1715 572 1778 mantis,
596 1715 671 1776 quae
695 1715 766 1758 cura
790 1704 923 1776 suorum,

59 1803 134 1864 quae
158 1786 278 1846 fortuna
300 1786 366 1854 fuit.
411 1786 509 1846 medio
533 1804 586 1845 rex
609 1803 716 1864 aggere
739 1785 826 1864 longe

59 1877 183 1955 eminet3
206 1873 286 1935 bunc
309 1873 425 1934 crebris
448 1875 584 1953 quatiens
608 1873 788 1953 singultibus
810 1891 862 1933 ora

58 1961 177 2023 adleuat
199 1963 362 2024 Aesonides
386 1962 525 2042 celsoque
549 1964 668 2043 reponit
689 1965 721 2023 in
744 1970 835 2023 ostro.

60 2053 110 2112 dat
132 2054 227 2132 pictas
250 2069 322 2113 auro
345 2053 441 2131 adque
464 2051 604 2113 ardentes
627 2052 741 2113 murice
764 2059 874 2132 uestes,

60 2159 134 2219 quas
156 2142 256 2220 rapuit
278 2141 345 2202 telis
369 2142 477 2202 festina
498 2139 677 2201 uocantibus
700 2142 809 2201 austris

59 2228 232 2310 Hypsipyle3
255 2229 367 2308 galeam
390 2229 556 2308 dilectaque
581 2229 698 2308 cingula
721 2231 785 2308 regi

60 2320 156 2399 inicit3
180 2317 228 2378 ille
252 2336 338 2379 stiam
359 2317 463 2380 uuhus
486 2336 653 2380 conuersus
675 2318 712 2379 ad
734 2316 841 2380 urbem

61 2414 180 2485 sceptra
202 2425 292 2468 manu
314 2415 454 2470 ueterum
476 2409 588 2470 retinet
610 2415 763 2487 gestamen
786 2422 920 2469 anorum.

60 2513 129 2555 nam
152 2499 220 2575 quia
244 2514 298 2557 nec
321 2495 421 2575 probes
445 2496 519 2557 alius
542 2514 598 2557 nec
617 2496 746 2576 denique
770 2497 899 2576 sanguis,

60 2587 124 2663 ipse
148 2584 240 2646 decus
263 2587 407 2664 regnique
430 2586 524 2646 refert
547 2586 663 2664 insigne
685 2586 811 2664 parenti.

60 2673 129 2733 inde
152 2682 199 2733 ter
222 2680 352 2734 armatos
374 2672 480 2752 Minyis
502 2671 703 2733 referentibus
727 2671 815 2733 orbes

60 2764 200 2823 concussi
223 2769 373 2822 tremuere
395 2762 474 2842 rogi,
497 2769 544 2823 ter
566 2760 717 2822 inhorruit
738 2760 841 2822 aether

60 2850 225 2912 luctificum
248 2850 402 2930 clangente
426 2849 511 2931 tuba3
534 2852 633 2911 iecere
656 2868 797 2930 supremo

61 2949 126 3000 tum
149 2938 277 3001 clamore
301 2940 394 3021 faces;
417 2958 522 3018 regum
545 2937 629 3001 labor
651 2941 748 3001 omnis
771 2941 802 2999 in
826 2956 913 2999 auras

62 3029 190 3088 soluitur
212 3036 243 3088 et
265 3028 354 3090 celsis
377 3028 537 3090 conlucent
559 3046 689 3106 aequora
711 3028 845 3089 danimis.

61 3115 176 3178 seilicet
198 3116 340 3178 baseillo
363 3119 505 3179 iuuenem
527 3116 713 3197 populosque
736 3115 894 3178 manebant

61 3215 210 3286 tempore,
232 3204 358 3267 Peliacis
381 3205 502 3268 caderet
525 3224 594 3266 cnm
617 3203 769 3266 montibus
791 3203 894 3283 arbor3

1027 212 1070 278 53

60 3294 118 3354 hoc
142 3294 358 3375 uolucrumque
381 3296 478 3356 minae
500 3312 701 3375 praesagaque
725 3293 849 3356 fulmina
871 3293 960 3371 longo

60 3392 126 3443 acta
149 3385 224 3444 mari
246 3383 384 3456 tulerant
431 3383 483 3445 sed
506 3385 574 3463 quis
596 3402 656 3445 non
679 3384 775 3463 prima
799 3380 922 3461 repellat

60 3480 194 3533 monstra
217 3472 306 3532 deum
329 3472 493 3553 longosque
516 3471 574 3534 sibi
596 3491 657 3534 non
681 3480 808 3551 auguret
829 3466 944 3531 annos?

61 3564 180 3641 iamque
205 3559 321 3622 solutus
344 3558 440 3626 honos
463 3563 575 3646 cineri,
595 3563 660 3625 iam
679 3558 829 3644 pessmus
849 3558 956 3634 aegis
