2384 3878
124 180 168 246 20
380 217 386 231 .
469 176 497 233 c.
517 176 655 233 vinnm
672 176 801 233 rnxccx

216 330 253 391 At
276 327 393 390 subitus
417 346 547 407 curaque
571 328 678 389 ducem
700 336 798 389 metus
822 329 919 389 acrior
942 329 1026 389 omni

125 437 270 499 meusque
293 417 362 481 mali
384 436 526 498 praesaga
550 419 657 499 quatit,
681 417 760 496 quod
784 418 863 496 regis
886 417 1011 479 adortus

125 510 300 589 progeniem
322 514 466 589 raptoque
490 506 565 567 dolis
589 506 719 568 erudelis
741 505 848 568 Acasto
1092 516 1140 569 tte

125 606 226 660 cetera
249 596 328 657 nuda
350 599 418 656 neci
441 596 598 675 medioque
620 597 654 656 in
678 596 802 656 crimine
824 604 941 675 patrem

127 685 251 766 liquerit
274 704 307 746 ao
331 685 420 746 nullis
442 687 562 764 inopem
585 684 742 747 uallauerit
765 687 864 765 armis,

129 778 193 855 ipse
218 774 323 854 procul
346 793 427 835 nunc
450 782 514 835 tnta
537 782 656 854 tenens3
679 783 747 835 ruat
770 777 867 836 omnis
889 775 921 835 in
943 772 1012 835 illos

128 867 238 944 quippe
262 864 354 925 furor.
401 881 456 924 nec
480 882 556 924 uana
579 871 669 943 pauet
691 863 878 943 trepidatque
902 863 1012 927 futura.

217 953 318 1015 Saeuit
342 960 426 1015 atrox
449 952 545 1013 Pelias
568 953 884 1032 inimicaquenertice
908 951 944 1013 ab
968 952 1028 1015 alto
1093 964 1141 1017 too

127 1043 194 1104 uela
216 1042 300 1104 uidet
322 1062 378 1104 nec
398 1061 456 1121 qua
479 1061 510 1102 se
534 1041 641 1102 ardens
660 1042 813 1103 effundere
835 1043 939 1122 possit.

128 1133 170 1192 nil
193 1132 308 1213 famuli,
331 1130 373 1191 nil
396 1149 488 1209 regna
510 1133 628 1211 iuuant3
651 1131 751 1192 fremit
774 1130 858 1192 obice
882 1133 966 1211 ponti

128 1222 227 1282 clausa
251 1220 358 1282 cohors
382 1219 508 1298 telisque
533 1219 628 1280 salum
651 1218 825 1299 facibusque
849 1228 997 1283 coruscat.

127 1310 201 1370 hant
224 1329 324 1391 seeus3
348 1309 482 1370 aerisona
505 1307 629 1370 uolneer
651 1327 720 1370 cum
743 1308 887 1371 Daedalus
910 1327 962 1371 ora

129 1399 268 1479 prosiluit
291 1402 432 1478 iuxtaque
457 1417 556 1460 cemes
579 1397 770 1459 breuioribus
793 1398 856 1480 alis,
1094 1408 1141 1461 101

129 1487 208 1549 nube
232 1507 310 1550 noua
332 1487 485 1568 linquente
509 1487 625 1568 domos,
647 1485 755 1547 Minoia
779 1488 891 1548 frustra

130 1577 286 1638 infremuit
309 1595 415 1637 manus
438 1584 468 1637 et
491 1577 560 1637 nisu
583 1575 710 1637 lassatur
732 1578 813 1637 inani

130 1668 226 1726 omnis
250 1684 342 1744 eques
364 1664 520 1745 plenisque
543 1665 621 1726 redit
644 1663 774 1745 Gortyna
797 1664 953 1744 pharetris.

131 1757 204 1835 quin
227 1756 317 1816 etiam
339 1757 370 1816 in
393 1753 528 1815 thalamis
551 1755 707 1834 primoque
731 1756 762 1815 in
784 1753 885 1816 limine
909 1753 1010 1816 Acasti

130 1845 216 1905 fusus
238 1844 330 1905 humo
354 1846 472 1906 iuuenis
495 1862 617 1923 gressus
641 1851 671 1906 et
693 1844 791 1904 inania
815 1844 891 1922 signi
1095 1852 1144 1905 110

131 1951 182 1994 ore
206 1936 315 2012 premit
338 1935 508 2013 sparsisque
531 1933 633 2012 legens
656 1934 783 2011 uestigia
806 1934 887 1993 canis

130 2016 172 2083 ‘te
196 2040 315 2101 quoque
338 2024 397 2082 iam
420 2023 526 2081 maesti
548 2022 649 2082 forsan
667 2023 811 2100 genitoris
834 2023 941 2102 imago,

131 2106 220 2192 nate‚'
244 2112 285 2171 ait
308 2104 350 2172 ‘et
372 2110 472 2172 luctus
495 2109 625 2171 subeunt
648 2112 776 2190 suspiria
799 2112 904 2190 nostri,

131 2202 248 2280 iamque
272 2198 355 2261 dolos
379 2201 552 2279 circumque
575 2200 669 2261 trucis
693 2199 863 2261 discrimina
884 2197 937 2260 leti

131 2288 211 2350 mille
235 2289 328 2349 uides.
376 2307 433 2367 qua
456 2297 499 2369 te,
522 2289 637 2371 infelix,
661 2287 770 2369 quihus
793 2290 935 2368 insequar
958 2283 1045 2351 oris?
1094 2297 1145 2349 111

132 2394 193 2438 non
218 2376 370 2456 Scythicas
393 2378 475 2438 ferus
499 2375 547 2436 ille
572 2377 674 2438 domos
698 2397 754 2439 nec
777 2378 812 2438 ad
836 2380 912 2438 ostia
934 2375 1025 2441 Ponti

131 2465 229 2527 tendit
251 2468 322 2547 iter,
345 2464 435 2526 falsae
454 2465 507 2527 sed
530 2474 649 2546 captum
673 2467 767 2528 laudis
790 2485 890 2528 amore

134 2564 177 2636 te,
200 2574 289 2637 puer,
312 2558 344 2616 in
367 2562 485 2616 nostrae
510 2556 603 2617 durrus
626 2564 774 2617 tormenta
797 2563 933 2617 senectae

132 2662 213 2706 nune
237 2645 354 2706 lacerat.
400 2644 487 2707 celsis
511 2663 548 2705 an
571 2647 596 2706 si
620 2646 697 2706 freta
718 2644 869 2725 puppibus
892 2652 994 2706 essent

132 2736 251 2813 peruia,
274 2752 334 2793 non
357 2734 437 2795 ultro
460 2737 586 2795 iuuenes
609 2735 793 2813 classemque
818 2729 989 2794 dedissem?
1097 2743 1149 2795 ’1110

133 2840 151 2881 o
175 2822 298 2902 domm,
322 2841 339 2881 o
363 2822 432 2882 freti
455 2825 636 2901 nequiquam
657 2824 742 2903 prole
764 2818 912 2901 penates?

133 2911 209 2971 dixit
231 2918 261 2972 et
284 2909 431 2988 extemplo
455 2910 541 2971 furiis
563 2913 666 2990 iraque
689 2914 797 2972 minaci

133 2998 277 3060 terribilis
301 2994 383 3059 ‘sunt
405 2997 453 3060 hie
477 3001 566 3060 etiam
589 3008 639 3061 tna
662 3001 801 3081 uulnera,
823 3000 944 3080 praedo,

135 3094 206 3148 sunt
228 3088 364 3148 lacrimae
388 3106 534 3167 casusque
557 3085 665 3168 pares?
712 3091 800 3151 simul
823 3087 946 3151 aedibus
970 3088 1038 3151 altis

133 3179 216 3255 itque
240 3176 375 3255 reditque
400 3178 530 3238 fremens
553 3197 714 3258 rerumque
738 3180 901 3258 asperrima
924 3186 1036 3241 uersat.
1096 3186 1148 3239 1111

135 3263 272 3326 Bistonas
295 3265 331 3326 ad
353 3269 475 3328 meritos
499 3285 568 3329 eum
591 3286 703 3329 cornua
726 3286 815 3328 saeua
838 3266 998 3347 Thyoneus

135 3355 224 3416 torsit
248 3362 277 3415 et
299 3355 401 3416 infelix
424 3359 482 3417 iam
505 3356 584 3418 mille
608 3356 761 3419 furoribus
784 3356 923 3437 Haemus,

136 3445 195 3505 iam
217 3442 376 3524 Rhodopes
399 3464 521 3507 nemora
544 3446 602 3507 alta
624 3455 760 3527 gemunt,
784 3446 873 3507 talem
895 3447 987 3507 incita
1009 3445 1107 3526 longis

116 3531 297 3607 porticibus
320 3536 515 3619 coniunxque
538 3536 616 3619 fugit
637 3538 761 3616 natique
783 3533 961 3614 lqcurgnm.
993 3526 997 3533 ’
