2384 3878
371 203 663 260 ARGONAUTICON
680 205 790 260 LIBER
808 207 832 265 Ι.

89 374 179 418 arcus
202 363 232 416 01
255 357 286 415 iu
310 373 442 416 summos
465 355 621 416 redieruut
642 354 743 416 nubila
767 363 893 418 montes.

88 448 148 507 iam
170 444 293 524 placidis
316 445 390 505 ratis
413 451 510 505 exstat
532 446 630 526 aquis,
654 462 743 523 quam
766 446 882 524 gurgite
907 445 943 506 ab
966 446 1026 508 imo

90 543 121 597 et
144 533 249 597 Thetis
272 541 303 594 et
323 535 439 612 magnis
461 532 577 594 Nereus
602 552 688 594 socer
711 535 799 613 erigit
821 534 909 595 ulnis.

90 642 162 704 ergo
185 640 307 684 umeros
331 622 438 683 ductor
461 640 546 683 sacro
570 622 688 683 110101111
711 625 821 684 amictu
1013 681 1023 684 -

89 713 306 791 Aesoniamque
323 713 409 792 ‘capit
430 720 577 793 pateram,
601 731 689 791 quam
712 730 835 773 munere
859 713 991 792 gaudens
1054 725 1107 777 660

88 801 218 881 liquerat
240 800 369 881 hospitio
392 800 606 880 pharetrasque
630 801 809 881 rependerat
833 820 905 862 auro

90 890 280 972 Salmoneus,
303 889 437 950 noudum
460 889 508 950 ille
533 889 637 952 furens
660 898 737 972 tum,
760 891 886 969 fingeret
909 891 960 952 alti

89 981 142 1059 qui
164 979 263 1040 trilida
285 977 369 1040 trabe
393 977 452 1039 tela
474 978 554 1039 louis
578 986 742 1058 contraque
765 981 867 1040 ruenti

89 1078 141 1130 aut
164 1067 261 1129 Athon
285 1075 336 1129 aut
358 1067 523 1148 Rhodopen
545 1076 674 1129 maestae
698 1086 820 1129 nemora
843 1068 935 1129 ardua
957 1069 1043 1131 Pisae

89 1157 224 1219 aemulus
247 1164 277 1218 et
299 1158 426 1218 miseros
448 1159 513 1237 ipse
535 1165 640 1218 ureret
662 1156 755 1219 Elidis
779 1175 873 1236 agros.
1053 1170 1105 1220 665

87 1246 144 1308 hac
166 1245 270 1327 pelago
293 1245 366 1307 libat
388 1245 491 1307 latices
515 1253 545 1307 01
568 1245 676 1308 talibus
698 1246 776 1307 iniit:

89 1331 145 1417 ‘di,
169 1333 277 1415 quibus
300 1335 448 1396 undarum
471 1338 715 1416 tempestatisque
740 1353 865 1395 sonorae

88 1425 249 1505 imperium
272 1432 302 1485 01
325 1442 431 1502 magno
454 1427 575 1504 penitus
597 1443 651 1503 par
674 1426 757 1503 regia
780 1422 871 1507 eaelo,

88 1523 196 1594 tuque,
220 1513 330 1574 fretum
353 1513 498 1592 diuosque
522 1521 608 1593 pater
631 1514 734 1574 sortite
758 1511 911 1595 biformes

88 1621 143 1664 seu
167 1619 255 1663 casus
278 1620 337 1662 nox
359 1603 417 1663 ista
439 1602 496 1663 luit
518 1621 573 1663 seu
596 1602 729 1665 uoluitur
752 1604 824 1685 axis,
1052 1615 1105 1667 670

88 1699 122 1752 ut
145 1709 289 1772 superum
312 1692 355 1752 010
379 1699 495 1754 00110101
519 1711 607 1774 opus,
630 1691 752 1771 tollique
776 1709 935 1752 necessum

86 1789 198 1861 pontus
220 1779 310 1841 habet
333 1799 387 1841 seu
409 1788 439 1841 te
463 1780 578 1842 subitae
601 1799 679 1841 noua
701 1783 809 1860 puppis
833 1781 929 1859 imago

87 1887 298 1949 armorumque
317 1869 530 1949 hominumque
553 1876 656 1930 truces
679 1886 860 1947 consurgere
883 1869 915 1928 in
937 1870 997 1929 iras

87 1958 219 2041 impulit,
240 1957 313 2020 haec
337 1958 445 2020 luerim
468 1961 539 2019 satis
563 1966 594 2019 et
616 1967 666 2020 tua
690 1959 825 2040 numina,
848 1964 957 2040 rector,

86 2050 147 2108 iam
170 2048 283 2109 luerint
307 2048 428 2109 meliora
451 2047 531 2109 mihi.
578 2047 614 2108 da
637 2047 763 2108 reddere
787 2048 877 2108 terris
1052 2059 1104 2109 010

70 2135 141 2198 bas
164 2139 276 2198 animas
298 2139 469 2217 patriaeque
494 2135 631 2216 amplecti
654 2137 755 2196 limina
777 2144 890 2214 portae.

87 2233 152 2287 tum
176 2242 364 2305 quocumque
387 2225 453 2285 1000
476 2227 598 2286 meritas
621 2224 677 2286 tibi
699 2224 846 2302 plurimus
870 2241 936 2284 0100

86 2321 191 2395 pascet
213 2313 322 2395 honos,
345 2312 526 2392 ubicumque
550 2314 624 2375 rotis
647 2312 816 2373 horrendus
840 2314 985 2392 equisque

88 2412 150 2464 stas
156 2434 175 2486 ,·
188 2411 287 2484 pater,
311 2402 405 2483 adque
429 2405 535 2482 iugens
559 2404 710 2481 utrimque
734 2401 856 2463 fluentia
880 2400 985 2464 Triton
1057 2468 1059 2471 ,

87 2493 172 2553 frena
195 2499 292 2572 tenet3
315 2500 435 2553 sanctus
459 2500 636 2572 nostrasque
660 2491 757 2552 colere
781 2511 836 2572 per
858 2485 972 2553 urbes?
1053 2502 1107 2555 680

88 2581 204 2642 dixerat
226 2579 308 2641 haec.
354 2583 451 2642 oritur
474 2580 584 2642 clamor
608 2581 789 2660 dextraeque
813 2587 981 2659 sequuntur

87 2668 181 2731 uerba
205 2669 297 2731 ducis.
344 2671 387 2729 sic
411 2688 480 2729 cum
503 2668 627 2730 stabulis
651 2676 681 2729 et
704 2667 852 2728 messibus
874 2670 980 2747 ingens

86 2760 132 2820 ira
154 2758 243 2820 deum
267 2765 297 2820 et
321 2755 437 2817 Calabri
458 2757 615 2838 populator
639 2756 736 2817 Sirius
759 2758 824 2818 arui

86 2846 237 2929 incubuit,
260 2849 320 2908 coit
344 2853 495 2926 agrestum
517 2864 622 2908 manus
646 2848 731 2906 0111110
753 2847 887 2924 priscum

86 2939 118 2996 in
140 2953 247 2998 nemus
271 2944 301 2996 et
323 2937 441 2997 miseris
464 2936 555 2998 dictat
576 2937 626 3016 pia
648 2943 718 2996 uota
741 2935 888 2996 sacerdos.
1050 2946 1103 2998 061

87 3043 156 3085 0000
181 3032 282 3085 autem
303 3024 385 3085 molli
408 3025 553 3104 zephyros
577 3023 758 3084 descendere
782 3023 868 3102 lapsu

86 3115 248 3194 aspiciunt3
270 3112 352 3174 uolat
373 3116 504 3174 immissis
528 3131 600 3174 caua
622 3114 710 3191 pinus
734 3111 857 3172 habenis

85 3203 262 3282 infinditque
286 3202 381 3263 salum
403 3209 433 3263 et
457 3221 575 3280 spumas
599 3203 694 3265 uomit
717 3219 784 3261 aere
808 3199 943 3262 tridenti:

86 3290 197 3372 Tiphys
221 3293 280 3370 agit
302 3292 444 3370 tacitique
468 3291 573 3351 sedent
596 3291 632 3352 ad
654 3292 735 3350 iussa
757 3291 900 3370 ministri3

86 3379 213 3459 qualiter
234 3379 272 3441 ad
296 3382 404 3441 summi
427 3378 533 3440 solium
556 3378 636 3441 louis
660 3381 758 3439 omnia
781 3381 895 3439 circum
1048 3389 1100 3442 000
1178 3392 1181 3397 ’

85 3488 180 3547 prona
202 3477 304 3549 parata
327 3470 396 3551 deo,
419 3471 562 3548 uentique
585 3467 757 3547 imbresque
782 3469 927 3546 niuesque

85 3557 263 3638 fulguraque
287 3566 317 3619 et
340 3560 470 3622 tonitrus
493 3566 525 3622 et
548 3557 647 3622 adhuc
668 3561 705 3622 iu
726 3556 869 3621 iout‘htus
890 3570 1016 3614 sumus.

884 3652 926 3708 ‹ft-
