2384 3878
332 186 817 266 monaurroonmeunyu.
1037 193 1083 257 45

66 349 97 400 et
120 334 202 398 tunc'
215 337 264 397 ille
287 336 372 398 iubas
395 340 571 417 captiuaque
593 338 730 418 postibus
754 358 806 399 ora
1048 353 1082 404 25

65 429 212 507 inposuit,
235 425 363 505 spolium
386 426 489 486 infelix
511 418 657 506 diuaeque
680 427 862 507 pudendum.

67 534 142 596 quae
165 522 323 596 postquam
346 511 535 576 Haemoniam
559 523 658 577 tantae
682 535 743 577 non
766 519 913 578 inmemor
935 520 997 579 irae
1102 517 1105 523 '

66 607 203 665 aerisono
226 604 262 665 de
287 610 387 664 monte
410 611 504 665 ratem
526 606 715 685 praefixaque
738 624 843 684 regum

67 701 150 755 scuta
173 692 269 774 uidet,
293 711 371 753 noua
394 701 527 754 monstra
550 696 631 776 uiro,
654 712 732 754 noua
756 695 862 755 lunera
885 694 989 777 uoluit,

66 791 100 842 ut
123 784 218 842 socias
241 784 273 841 in
295 789 384 842 nocte
407 800 513 842 manus
536 790 629 861 utque
653 785 742 862 impia
765 782 842 843 bella
1048 797 1089 846 30.

66 878 205 931 consonat
227 879 256 931 et
280 873 377 931 saeuis
402 870 555 931 erroribus
578 870 700 949 inplicet
723 871 837 932 urbem.

66 979 126 1019 nox
150 967 212 1020 erat
236 967 266 1019 et
289 958 349 1019 leni
372 958 517 1028 canebant
540 978 669 1039 aequora
693 951 784 1041 sulco,

67 1058 95 1108 et
119 1051 177 1109 iam
199 1050 295 1127 prima
318 1047 400 1108 leues
424 1047 602 1128 spargebant
625 1048 722 1109 sidera
746 1066 874 1108 somnos,

67 1155 140 1197 aura
162 1136 259 1217 uehit;
283 1136 410 1215 religant
432 1145 533 1197 tonsas
556 1136 683 1217 ueloque
707 1137 896 1197 Procnesson

67 1233 97 1286 et
120 1233 149 1286 te
173 1228 232 1285 iam
254 1225 352 1286 medio
375 1225 548 1307 dmentem,
571 1225 746 1308 Rhundace,
768 1233 860 1305 ponto

65 1331 300 1394 spumosumque
323 1312 426 1393 legunt
448 1315 542 1375 lracta
566 1314 727 1394 Scylaceon
751 1314 787 1374 ab
810 1314 898 1375 unda.

64 1406 129 1482 ipse
153 1402 232 1463 diem
255 1401 342 1482 longe
366 1400 496 1481 solisque
520 1402 628 1466 cubilia
651 1402 762 1482 Tiphys

66 1492 209 1572 consulit,
231 1494 296 1570 ipse
320 1499 414 1551 ratem
437 1499 528 1552 uento
551 1490 705 1571 stellisque
728 1492 885 1552 ministrat.

66 1589 96 1642 at
119 1583 171 1660 qui
193 1579 276 1640 illum
300 1599 360 1640 non
383 1588 451 1641 ante
475 1598 566 1660 sopor
588 1580 747 1641 luctamine
771 1587 853 1641 tanto

65 1668 138 1730 lenit
161 1687 251 1749 agens
275 1669 377 1729 diuum
400 1671 547 1750 imperiis3
571 1669 649 1730 cadit
670 1662 764 1729 inscia
788 1668 872 1730 clauo

65 1759 187 1819 dextera
210 1757 399 1836 demittitque
422 1756 538 1839 oculos,
562 1756 714 1836 solataque
736 1759 845 1837 puppis

66 1847 186 1908 turbine
209 1846 302 1906 flectit
325 1848 382 1905 iter
404 1852 554 1925 portuque
578 1846 708 1906 relertur
732 1848 834 1905 amico.

110 1934 149 1996 Ut
172 1937 252 1995 notis
276 1933 394 2012 adlapsa
415 1934 513 2015 uadis,
537 1934 607 1994 dant
630 1933 749 1995 aethere
773 1932 861 2013 longo

65 2026 149 2103 signa
172 2023 275 2104 tubae,
297 2041 357 2084 uox
381 2030 410 2083 et
433 2023 537 2084 mediis
561 2025 668 2083 emissa
691 2021 823 2083 tenebris

66 2107 173 2173 ‘bostis
195 2111 285 2172 babet
306 2119 425 2192 ponus,
449 2110 528 2172 soliti
550 2112 667 2173 rediere
690 2106 826 2190 Pelasgi'

65 2209 154 2281 rupta
177 2202 275 2281 quies3
298 2200 373 2261 deus
396 2203 555 2280 ancipitem
578 2199 781 2280 lympbauerat
805 2198 920 2280 urbem,

65 2289 238 2370 Mygdoniae
261 2289 323 2349 Pan
346 2291 427 2349 iussa
449 2289 550 2349 ferens
573 2291 746 2350 saeuissima
768 2290 881 2369 matris,

65 2378 127 2438 Pan
150 2396 305 2460 nemorum
329 2376 458 2456 bellique
481 2385 602 2459 potem,
626 2397 715 2458 quem
737 2377 812 2437 lucis
835 2377 872 2436 ad
889 2376 978 2439 boras
1039 2380 1042 2384 ’

66 2475 150 2527 antra
174 2474 290 2547 tenent;
314 2465 385 2527 latet
408 2466 443 2526 ad
467 2467 579 2527 medias
601 2485 656 2546 per
680 2467 766 2528 deuia
789 2472 901 2527 noctes.

66 2559 246 2634 saetigerum
269 2555 346 2615 latus
370 2563 398 2615 et
420 2563 524 2616 toruae
549 2574 631 2616 coma
656 2555 740 2615 sibila
764 2555 879 2615 frontis.

64 2663 125 2706 uox
148 2662 251 2704 omnes
275 2661 365 2722 super
388 2661 446 2703 una
469 2643 569 2724 tubas,
593 2661 651 2722 qua
674 2662 767 2703 conus
791 2651 821 2702 et
844 2659 940 2724 enses,

66 2752 124 2813 qua
146 2732 271 2813 trepidis
294 2733 397 2810 auriga
418 2734 493 2791 rotis
517 2738 722 2810 nocturnaque
746 2733 840 2790 muris

66 2821 192 2883 claustra
217 2821 339 2902 cadunt3
362 2819 496 2899 talesque
518 2828 617 2882 metus
640 2839 699 2880 non
723 2819 826 2880 Martia
850 2821 941 2880 cassis
1072 2897 1077 2906 ,

64 2909 322 2988 Eumenidumque
347 2927 460 2990 comae,
484 2928 543 2970 non
566 2911 661 2970 tristis
685 2909 721 2969 ab
745 2908 846 2987 aegide
870 2907 968 2989 Gorgo

65 3001 282 3078 sparseritaut
305 3001 402 3060 tacitis
425 3001 519 3059 aciem
541 3001 704 3078 raptauerit
726 2997 849 3058 umbris,

65 3086 153 3148 ludus
177 3096 206 3148 et
228 3086 277 3147 illa
300 3087 371 3168 deo,
395 3087 536 3166 pauidum
558 3086 753 3166 praesepibus
777 3085 875 3146 aufert

64 3195 134 3237 cum
156 3195 248 3256 pecus
272 3183 302 3236 et
324 3176 443 3256 prologi
466 3183 604 3236 sternunt
627 3175 747 3236 dumeta
769 3175 898 3235 iuuenci.

109 3264 192 3346 llicet
215 3265 251 3326 ad
274 3283 376 3345 regem
399 3264 509 3325 clamor
531 3267 601 3326 ruit.
647 3263 728 3325 exilit
751 3262 817 3324 altis

63 3356 178 3415 somnia
202 3354 265 3414 dira
289 3356 362 3415 toris
386 3352 602 3433 simulacraque
625 3352 732 3433 pallida
755 3351 893 3432 linquens

63 3441 196 3522 Cyzicus.
243 3461 312 3503 ecce
337 3461 428 3524 super
451 3442 566 3504 loribus
589 3441 709 3503 Bellona
733 3441 858 3502 reclusis

63 3531 144 3592 nuda
166 3531 243 3592 latus
265 3548 414 3611 passuque
438 3550 564 3593 mouens
586 3530 739 3593 oriebalca
760 3549 876 3591 sonoro
