2384 3878
300 198 590 256 ARGONAUTICON
608 200 719 254 LIBER
736 201 812 255 VIII.
1003 202 1064 267 157

51 359 82 411 et
104 368 193 430 posse
217 349 313 411 oblata
336 367 516 430 componere
539 351 655 429 uirgine
678 348 797 411 bellum.

52 457 202 519 quemque
226 457 295 500 suas
319 441 395 500 sinat
417 441 462 499 ire
485 438 602 519 domos,
624 456 680 498 nec
703 438 796 500 Marte
820 446 945 500 cruento
1014 450 1065 501 ³95

53 527 205 608 Europam
228 527 324 608 adque
347 526 445 588 Asiam
468 529 564 607 prima
586 526 660 588 haec
683 529 848 589 committat
869 524 986 606 Erinys.

53 635 181 697 namque
205 616 308 678 datum
329 616 387 677 boc
411 616 488 697 latis,
510 615 646 695 trepidus
669 616 853 696 supplexque
877 616 1000 677 canebat

53 705 188 787 Mopsus,
211 708 298 767 utin
322 714 406 766 seros
428 707 508 766 irent
530 706 624 784 magis
646 707 704 766 ista
726 712 859 785 nepotes,

53 795 151 874 adque
175 794 250 855 alius
272 793 369 855 lueret
391 801 452 854 tam
475 793 539 854 dira
561 793 698 854 incendia
720 801 831 873 raptor.

98 883 149 944 llle
174 883 296 944 trahens
319 884 462 962 gemitum
485 884 576 943 tantis
598 900 632 942 ac
655 881 782 943 uocibus
804 883 899 960 inpar,
1015 893 1068 943 400

53 990 233 1052 quamquam
254 973 321 1033 iura
343 970 432 1033 deum
455 979 486 1032 et
508 973 587 1032 sacri
609 969 666 1031 sibi
689 967 806 1032 conscia
828 971 908 1051 pacti

55 1061 159 1141 religio
183 1060 338 1139 duilcisque
362 1066 485 1122 mouent
506 1059 669 1140 primordia
691 1058 802 1140 taedae,

53 1157 273 1229 cunctaturque
295 1167 469 1228 moramque
493 1150 575 1228 cupit
598 1151 768 1228 sociamque
789 1147 896 1228 pericli

429 1272 625 1351 *ῆι*

54 1399 179 1477 cogitat:
201 1396 274 1458 hant
296 1394 375 1458 ultra
398 1398 486 1458 sociis
509 1396 655 1457 obsistere
678 1398 785 1475 pergit.

54 1486 128 1547 haec
151 1484 204 1547 ubi
226 1486 284 1546 lixa
306 1486 393 1568 uims,
416 1493 534 1565 tempus
556 1484 725 1563 fluctusque
749 1486 866 1563 quietos
1018 1495 1070 1546 405

55 1582 228 1655 expectant:
250 1576 346 1654 ipsam
368 1576 495 1657 interea,
519 1573 590 1653 quid
613 1581 719 1656 restet,
742 1582 890 1636 amantem

55 1665 195 1744 ignorare
218 1666 321 1725 sinunt
343 1663 522 1742 decretaque
546 1665 642 1724 tristia
666 1671 796 1723 seruant.

103 1769 162 1831 Sed
186 1772 277 1831 miser
299 1777 333 1830 ut
356 1788 463 1850 uanos,
486 1788 576 1830 ueros
599 1771 640 1830 ita
663 1787 752 1849 saepe
776 1770 899 1829 timores

56 1867 159 1922 uersat
183 1877 278 1941 amor,
301 1857 421 1938 lallique
445 1860 516 1920 sinit
538 1876 594 1918 nec
617 1859 743 1937 uirginis
767 1874 868 1917 annos.

56 1966 92 2009 ac
114 1950 198 2028 prior
220 1950 285 2028 ipsa
308 1947 391 2008 dolos
415 1955 446 2008 et
468 1946 631 2027 quamlibet
652 1948 756 2008 intima
779 1947 873 2007 sensit
1020 1955 1073 2007 410

58 2055 119 2098 non
143 2035 194 2098 lidi
216 2039 274 2098 iam
298 2039 381 2116 signa
404 2037 463 2098 uiri
486 2039 669 2115 nimiumque
693 2034 815 2096 silentes

58 2127 118 2187 iam
141 2129 273 2203 comites
318 2125 391 2186 baut
413 2125 462 2186 illa
485 2128 532 2187 sui
555 2133 655 2186 tamen
677 2127 834 2186 immemor
857 2139 1006 2202 umquam,

59 2231 117 2274 nec
141 2213 248 2275 subitis
271 2214 390 2276 turbata
412 2216 516 2296 minis,
538 2216 622 2294 prior
645 2219 771 2291 occupat
793 2230 887 2272 unum

58 2302 242 2384 Aesoniden,
263 2303 411 2383 longeque
434 2303 538 2384 trahit,
561 2321 629 2364 mox
652 2300 761 2362 talibus
784 2300 862 2362 infit:

59 2387 120 2452 ‘me
144 2410 263 2472 qnoque
287 2394 359 2471 quin
383 2399 483 2454 tecum
505 2392 634 2473 Minyae,
656 2391 818 2451 fortissima
840 2387 945 2470 pubes,
1022 2399 1074 2449 415

59 2488 148 2541 nocte
172 2481 280 2561 dieque
303 2477 448 2542 monent?
470 2481 558 2542 liceat
581 2498 761 2560 cognoscere
785 2477 913 2558 tandem,

61 2571 88 2629 si
111 2570 199 2631 modo
222 2568 355 2630 Peliacae
378 2587 438 2629 non
462 2589 529 2630 sum
551 2571 668 2649 captiua
692 2569 818 2646 carinae,

60 2675 117 2717 nec
141 2657 277 2719 dominos
300 2657 440 2738 despecta
463 2676 588 2739 sequor,
611 2656 804 2735 consultaque
827 2661 929 2714 uestra

61 2746 107 2807 las
130 2746 233 2819 audire
257 2746 338 2807 mihi.
384 2765 506 2828 uereor,
528 2746 670 2807 fidissime
694 2746 833 2825 coniunx,

62 2834 105 2895 nil
128 2836 279 2917 equidem3
302 2837 446 2897 miserere
468 2843 568 2897 mmen
590 2836 795 2915 promissaque
819 2849 907 2894 serua
1024 2842 1077 2894 420

61 2941 158 3003 usque
182 2924 218 2985 ad
241 2924 427 2987 Thessalicos
449 2925 553 2986 saltem
576 2922 704 2985 conubia
725 2930 840 3007 portus,

64 3013 155 3091 inque
179 3020 229 3074 tua
252 3031 300 3074 me
323 3033 432 3094 sperne
456 3013 552 3075 domo.
598 3015 657 3074 scis
680 3020 711 3073 te
733 3011 806 3072 mihi
825 3018 917 3089 certe,

64 3118 126 3160 non
149 3103 246 3163 socios
269 3103 383 3163 iurasse
407 3110 483 3164 tuos.
528 3101 561 3162 bi
583 3100 709 3161 reddere
732 3100 834 3161 forsan

65 3190 110 3250 ias
133 3188 272 3272 habeant,
295 3191 350 3252 tibi
372 3209 432 3253 non
455 3190 558 3252 eadem
580 3191 726 3272 permissa
748 3196 890 3269 potestas

63 3287 154 3358 teque
179 3279 267 3341 simul
290 3298 408 3342 mecum
430 3282 494 3359 ipsa
516 3279 644 3360 traham3
668 3297 730 3340 non
752 3277 814 3338 sola
836 3295 979 3357 reposcor
1024 3287 1078 3336 425

65 3370 152 3448 uirgo
176 3387 303 3451 nocens,
326 3378 414 3449 atque
437 3368 493 3430 bac
514 3370 627 3447 pariter
650 3375 714 3429 rate
738 3366 867 3446 sugimus
891 3365 985 3427 ambo.

66 3474 104 3515 an
127 3457 228 3520 fratris
252 3465 280 3518 te
304 3457 379 3519 bella
403 3459 462 3519 mei
484 3459 657 3536 patriaeque
680 3455 809 3517 biremes

67 3545 232 3608 terrificant
255 3564 421 3628 magnoque
444 3549 531 3629 inpar
553 3547 679 3626 urgeris
699 3543 740 3605 ab
753 3540 874 3603 mosaei
