2384 3878
139 163 179 218 vr
352 151 355 157 ‘
536 164 751 219 enarrarre.

140 324 236 396 tuere,
260 315 386 376 alterum
404 322 522 394 poetam
546 332 582 373 ex
604 313 697 374 altero
710 314 854 396 hausisse,
878 316 944 394 quis
959 335 1018 376 non
1042 317 1154 382 sentit?

141 407 226 484 quasi
249 422 323 465 uero
346 403 472 463 formula
500 403 548 463 illa
576 396 660 463 ‘uera
682 398 825 482 propago'
858 423 919 465 non
947 409 1152 486 unusquisque

140 502 228 574 poeta
265 493 415 553 Romanus
457 511 509 551 sua
546 499 651 571 sponte
688 494 732 552 uti
768 491 927 571 potuisset!
968 494 1020 554 sed
1062 499 1152 556 misso

141 582 318 644 Schenkelio
342 588 405 641 arte
418 583 519 660 potius
543 588 573 640 et
593 583 707 640 ratione
731 580 802 658 quid
827 580 863 640 de
886 582 941 641 hac
964 601 997 642 re
1020 583 1151 645 iudican-

140 672 213 733 dum
236 673 275 731 sit
297 670 459 731 uideamus.
505 668 581 730 bene
606 676 705 729 autem
728 669 971 748 distinguendum
999 679 1044 732 est
1074 676 1153 734 inter

140 759 303 821 uerborum
341 758 549 819 similitudines
586 757 727 837 quasdam
764 777 839 837 quae
875 761 955 819 inter
992 760 1066 820 duos
1104 763 1152 821 uel

140 850 309 928 complures
332 854 435 927 poetas
458 846 663 928 intercedunt,
691 847 721 907 id
746 855 804 928 est,
831 850 911 907 inter
939 867 988 908 eas
1016 850 1150 910 similitu-

140 938 225 997 dines
248 955 323 1016 quae
347 954 401 996 sua
431 943 537 1014 sponte
562 955 597 995 ex
620 935 784 996 uerborum
811 937 947 996 formulis
970 941 1152 1017 proueniunt

141 1034 171 1086 et
195 1045 244 1086 eas
271 1027 451 1087 imitationes
475 1043 529 1085 seu
555 1027 655 1104 potius
683 1024 894 1085 aemulationes
922 1045 995 1104 quas
1017 1028 1152 1088 imitandi

139 1115 216 1175 bene
249 1116 362 1174 conscii
393 1113 577 1174 admiserunt
608 1121 721 1192 poetae.
768 1114 907 1173 fortuitae
941 1122 1039 1174 autem
1072 1115 1151 1175 illius

140 1202 355 1282 similitudiniS,
387 1220 461 1280 quae
494 1205 525 1262 in
559 1201 713 1262 uocabulis
740 1201 942 1281 compluribus
975 1222 991 1263 a
1023 1203 1152 1264 diuersis

139 1294 236 1372 poetis
264 1293 379 1351 iteratis
408 1294 554 1370 cernitur,
582 1298 645 1351 1115
672 1293 860 1369 potissimum
887 1294 1008 1351 inuenio
1034 1311 1151 1352 causas:

140 1381 327 1460 memoriam,
360 1379 620 1459 consuetudinem,
655 1379 773 1458 linguae
801 1379 949 1439 Romanae
987 1384 1150 1459 penuriam.

140 1487 209 1531 cum
246 1471 325 1528 enirn
362 1486 465 1528 omnes
497 1467 622 1527 Romani
659 1467 821 1528 liberaliter
856 1470 986 1529 instituti
1022 1468 1151 1548 primum

140 1557 280 1637 Ennium,
303 1575 371 1617 mox
394 1555 550 1637 Lucilium,
574 1556 680 1616 deinde
704 1555 865 1635 Vergilium
889 1564 920 1617 et
942 1557 1097 1618 Horatium
1121 1562 1151 1618 in

87 1638 96 1651 ’
140 1645 249 1707 scholis
276 1645 500 1724 diligentissime
530 1645 699 1706 lectitarent
735 1663 862 1722 cumque
898 1653 982 1706 uates
1016 1665 1068 1706 eos
1101 1651 1152 1725 qui

140 1734 369 1814 praeclarissimi
397 1741 427 1793 et
455 1741 539 1794 erant
563 1741 593 1794 et
621 1732 807 1794 habebantur
836 1751 998 1812 numquam
1030 1737 1060 1794 in
1090 1739 1150 1795 uita

139 1825 307 1902 posteriore
334 1822 421 1902 plane
449 1821 614 1902 abicerent,
642 1821 694 1882 sed
723 1824 766 1882 eis
794 1830 945 1900 tamquam
972 1823 1151 1883 fidelissimis

138 1913 170 1972 in
193 1915 274 1972 omni
297 1930 368 1971 casu
392 1911 551 1971 comitibus
575 1918 605 1970 et
627 1913 659 1970 in
682 1913 751 1971 otiis
775 1918 805 1971 11
824 1906 859 1970 in
873 1912 1001 1990 negotiis
1024 1912 1150 1972 delecta-

64 2026 68 2037 *
139 2007 259 2079 rentur,
283 2006 517 2059 consentaneum
540 1999 603 2058 iere
618 2006 664 2058 est
685 1999 752 2058 illos
776 2001 905 2059 carmina
929 2019 1034 2060 eorum
1056 2001 1150 2078 plera-

139 2107 198 2167 que
221 2089 364 2147 memoria
387 2089 528 2146 tenuisse.
580 2088 666 2147 cuius
689 2089 734 2170 rei
761 2087 929 2166 exemplum
955 2091 1071 2167 insigne
1102 2108 1150 2148 ex-

139 2176 222 2237 hibet
250 2175 363 2236 Seneca
389 2175 597 2256 philosophuS,
628 2177 678 2254 qui
705 2176 849 2255 plurimos
877 2176 998 2255 Vergilii
1026 2180 1150 2238 maximo

141 2273 170 2325 et
194 2263 293 2324 Ouidii
316 2282 424 2324 uersus
449 2282 517 2324 eum
540 2263 623 2324 libris
647 2267 709 2325 suis
732 2267 894 2326 inseruerit
917 2267 957 2325 ita
980 2274 1079 2326 tamen
1103 2267 1150 2325 ad-

142 2354 200 2413 1111
229 2360 262 2412 ut
288 2352 466 2431 plerumque
494 2352 577 2413 illum
605 2371 665 2412 non
698 2353 861 2436 euoluisse,
894 2354 946 2415 sed
979 2358 1151 2414 memoriter

139 2441 304 2501 reddidisse
328 2459 432 2501 eorum
456 2449 591 2521 poemata
614 2451 753 2521 appareat
777 2441 828 2519 [cf.
852 2443 993 2503 Aemilius
1017 2443 1151 2523 Hermes,

141 2536 254 2608 quaest
292 2532 358 2590 crit.
390 2532 421 2589 in
455 2529 536 2610 Sen,
568 2530 702 2592 Meursae
738 2528 847 2608 1874}
903 2540 1013 2610 quanto
1053 2540 1151 2593 autern

141 2620 234 2697 magis
262 2620 413 2698 principes
438 2620 470 2678 in
498 2637 553 2678 suo
581 2637 690 2698 genere
716 2626 801 2680 uates
834 2628 980 2681 nocturna
1013 2639 1150 2680 uersasse

139 2725 238 2787 manu,
261 2725 398 2767 uersasse
420 2706 528 2767 diurna
541 2707 712 2787 putabimus
736 2727 788 2770 eos
811 2712 863 2788 qui
877 2712 935 2788 ipsi
950 2709 985 2768 ad
1000 2689 1151 2770 Musarum

139 2795 252 2855 iontem
280 2802 364 2855 erant
387 2795 550 2856 accessuri!
579 2796 664 2857 hos
656 2800 710 2876 igit
711 2817 761 2878 ur,
789 2815 858 2857 cum
885 2799 1015 2856 carmina
1042 2815 1150 2875 pange

138 2891 219 2964 rent,
239 2891 344 2963 sponte
369 2903 421 2944 sua
445 2902 533 2964 saepe
556 2887 588 2944 in
611 2885 730 2945 easdem
753 2883 916 2945 uerborum
939 2884 1081 2944 formulas
1105 2887 1148 2944 in-

139 2972 246 3033 cidisse
290 2990 363 3050 quas
404 2975 434 3031 in
472 2973 690 3052 exemplaribus
732 2975 795 3032 suis
835 2975 946 3033 iterum
981 2975 1149 3050 iterumque

137 3060 280 3140 legerant,
303 3061 448 3139 numquid
471 3065 580 3121 mirum
595 3058 662 3122 est?
685 3059 799 3120 accedit
814 3060 892 3139 quod
915 3063 946 3119 in
966 3061 1151 3138 antiquitate,

138 3148 237 3226 siquid
261 3150 352 3209 semel
376 3149 452 3209 bene
475 3153 633 3210 inuentum
655 3156 719 3209 erat
745 3151 776 3208 in
799 3149 907 3209 litteris
930 3146 1097 3227 artibusue,
1121 3150 1150 3208 id

138 3239 202 3296 sine
227 3237 337 3297 rubore
361 3257 377 3296 a
399 3237 616 3316 posterioribus
638 3239 670 3297 in
693 3239 849 3317 proprium
877 3255 965 3298 usum
987 3236 1151 3299 uocabatur

138 3333 169 3386 et
192 3328 276 3403 quasi
299 3328 330 3385 in
354 3345 510 3387 commune
535 3325 647 3386 bonum
670 3328 769 3386 cessit.
796 3328 855 3386 iam
878 3329 963 3405 siqua
986 3324 1096 3387 locutio
1119 3331 1151 3388 in

137 3417 221 3493 poesi
232 3416 383 3477 ciuitatem
394 3423 458 3476 erat
471 3414 584 3493 adepta,
594 3421 631 3474 ut
637 3414 817 3493 aliquotiens
827 3423 932 3497 metro,
941 3418 983 3475 ita
992 3425 1150 3477 consuetu-

128 3503 203 3560 dine
217 3502 405 3580 plerumque
429 3504 530 3562 euenit
553 3509 586 3563 ut
614 3505 672 3564 nisi
696 3506 786 3565 certis
810 3523 918 3566 uersus
947 3503 1067 3565 sedibus
1091 3523 1151 3565 non
