2384 3878
113 203 175 267 140
453 201 483 256 0.
501 199 638 257 VALERI
655 197 785 257 uidcor

112 354 241 415 carmina
264 371 344 414 nunc
367 360 446 412 totos
469 348 564 412 uoluit
586 352 709 431 figitque
731 368 786 429 per
810 356 892 409 artus

111 441 274 503 Aesonidae
297 449 327 502 et
349 447 446 502 totum
469 449 591 520 septeno
615 457 768 500 murmure
792 438 888 499 fertur

12 583 17 596 .
111 550 166 611 per
189 530 320 610 clipeum
342 537 430 608 atque
453 531 520 589 uiro
544 530 712 607 grauiorem
735 527 864 589 reddidit
886 526 1015 607 bastam;
1073 537 1106 586 46

110 622 227 698 iamque
252 621 299 679 sui
321 620 415 678 tauris
437 616 579 697 languent
602 615 775 677 absentibus
796 618 891 695 ignes.

112 704 204 769 ‘nunc
227 725 280 786 age
304 714 334 767 et
355 701 421 766 has'
444 708 541 785 inquit
564 701 682 766 ‘cristas
705 704 876 784 galeamque
899 721 1029 787 resume,

112 815 201 876 quam
223 796 311 857 modo
334 796 458 856 funerea
480 796 577 855 tenuit
599 793 752 853 Discordia
774 793 885 854 dextra.

111 884 188 945 banc
210 886 273 945 iace
296 901 351 963 per
374 882 500 965 medias,
523 902 592 944 cum
615 883 744 942 uerteris
768 899 911 962 aequora,
933 899 1060 963 messes3

111 975 249 1053 protinus
272 975 303 1032 in
327 990 393 1032 sese
417 988 563 1032 conuersa
586 970 738 1031 furoribus
760 969 815 1030 ibit
1073 981 1106 1031 41

35 1118 37 1125 .
111 1069 219 1122 cuncta
240 1059 381 1141 phalanx,
403 1067 492 1139 atque
514 1062 579 1138 ipse
603 1060 734 1119 fremens
753 1057 914 1120 ‘mirabitur
937 1066 968 1121 et
989 1078 1037 1120 me

111 1152 251 1229 respiciet
273 1148 399 1209 fortasse
422 1142 528 1227 pater?
551 1150 595 1207 sic
618 1147 725 1208 deinde
748 1147 846 1208 locuta

111 1239 169 1298 iam
192 1239 286 1316 magis
309 1244 398 1314 atque
420 1237 514 1314 magis
536 1243 668 1296 mentem
691 1254 782 1314 super
805 1235 863 1296 alta
886 1235 1002 1296 ferebat

112 1343 254 1406 aequora,
276 1324 440 1404 pandentes
463 1324 576 1404 Minyas
598 1326 656 1385 iam
679 1323 746 1384 uela
768 1323 890 1385 uidebat

112 1432 143 1474 se
167 1416 240 1474 sine.
286 1421 350 1474 tum
373 1431 446 1477 uero
470 1419 604 1473 extremo
626 1430 769 1493 percussa
792 1411 894 1473 dolore
1074 1424 1107 1474 41

112 1504 216 1582 arripit
239 1501 407 1562 Aesoniden
430 1501 533 1561 dextra
556 1519 590 1562 33
614 1503 772 1562 summissa
794 1501 946 1580 prolaturi

112 1585 165 1650 ‘sis
188 1608 316 1671 memor,
339 1607 407 1670 oro,
429 1592 502 1671 mei,
524 1597 629 1649 contra
652 1606 765 1650 memor
788 1591 852 1668 ipsa
874 1589 1011 1670 manebo,

112 1679 215 1760 crode,
237 1680 290 1739 tui.
336 1678 453 1756 quando
476 1676 546 1737 hinc
570 1677 681 1760 aberis,
704 1678 752 1738 dic
776 1695 901 1759 quaeso,
924 1679 1068 1758 profundi

113 1766 191 1846 quod
215 1767 289 1827 caeli
312 1765 452 1846 spectabo
475 1762 575 1827 latus?
598 1766 652 1826 sed
674 1773 704 1827 te
727 1784 847 1846 quoque
869 1774 971 1846 tangat

112 1873 184 1916 cura
206 1857 265 1916 mei
287 1870 476 1934 quocumque
498 1854 579 1936 loco,
602 1872 806 1933 quoscumque
829 1873 883 1934 per
906 1873 1014 1936 annos3
1073 1867 1106 1917 48

112 1944 207 2022 adque
230 1942 311 2004 bunc
334 1950 363 2003 te
386 1944 557 2004 meminisse
580 1943 656 2003 uelis
680 1950 710 2003 et
733 1950 835 2004 nostra
858 1944 945 2005 lateri

111 2049 249 2112 munera,
273 2039 426 2092 seruatum
448 2031 558 2110 pudeat
581 2049 636 2092 nec
659 2033 785 2111 uirginis
809 2039 881 2093 arte.

112 2121 140 2179 ei
162 2119 249 2202 mibi,
273 2137 328 2180 cur
351 2119 448 2180 nullos
471 2118 602 2179 fundunt
623 2126 674 2180 tua
696 2119 809 2181 lumina
831 2117 944 2182 fletus?

112 2226 148 2268 an
171 2226 219 2268 me
242 2204 310 2268 mou
333 2209 439 2268 merita
461 2209 635 2269 morituram
657 2211 751 2288 patris
774 2207 810 2269 ab
833 2211 877 2270 ira

112 2292 302 2356 dissimulas?
325 2297 356 2356 te
377 2314 469 2375 regna
491 2303 559 2357 tuae
583 2295 680 2356 felicia
702 2299 809 2380 gentis,
1075 2309 1106 2359 48

111 2391 140 2444 te
164 2385 294 2444 coniunx
317 2383 479 2462 taedaeque
502 2392 635 2465 manent3
659 2402 713 2463 ego
736 2385 853 2464 prodita
876 2385 974 2447 obibo.

111 2490 167 2532 nec
191 2489 302 2550 queror
326 2478 356 2531 et
378 2489 433 2550 pro
457 2479 487 2532 te
510 2472 608 2532 lucem
632 2490 750 2552 quoque
774 2473 849 2534 laeta
872 2470 1060 2554 relinquam'

110 2563 248 2640 protinus
271 2559 380 2639 hospes
404 2560 440 2620 ad
463 2560 536 2621 baec
560 2553 672 2643 (tacitis
696 2579 763 2622 nam
786 2562 922 2624 cantibus
945 2562 1028 2624 illum

111 2647 234 2709 flexerat
256 2656 286 2709 et
309 2648 398 2708 simili
419 2650 591 2710 iamdudum
615 2649 737 2711 adllarat
760 2644 875 2734 amore)

111 2732 207 2798 ‘tune'
230 2739 272 2797 ait
294 2731 656 2816 ‘Aesoniden-quicquam
679 2746 708 2798 te
733 2739 809 2799 uelle
833 2738 937 2801 relicta
1073 2752 1106 2801 49

111 2825 209 2886 credis
232 2832 263 2885 et
284 2824 345 2885 ulla
366 2827 428 2905 pati
452 2827 514 2885 sine
528 2834 568 2887 ·te
592 2822 678 2886 loca?
701 2827 792 2888 redde
816 2832 941 2908 tyrarmo

110 2932 157 2974 me
181 2915 294 2994 potius,
317 2915 417 2992 recipe
441 2915 574 2992 ingratos
597 2915 692 2992 adque
716 2934 790 2975 exue
815 2924 929 2978 cantus.

109 3004 177 3081 quis
199 3001 272 3064 mihi
293 2999 369 3062 lucis
392 2998 496 3063 amor?
517 3004 643 3082 patriam
666 3021 720 3063 cur
742 3004 868 3084 amplius
891 3013 1001 3088 optem,

110 3093 136 3149 si
159 3109 220 3151 non
243 3098 273 3151 et
296 3091 414 3169 genitor
437 3097 465 3150 13
487 3093 614 3170 primam
637 3090 826 3170 amplectitur
848 3092 956 3176 Aeson,

111 3187 199 3256 teque
222 3185 274 3239 tuo
298 3176 385 3257 longe
409 3177 572 3257 fulgentem
595 3179 706 3240 uellere
730 3182 862 3260 gaudens
1074 3195 1107 3244 49

110 3273 226 3346 spectat
248 3273 279 3326 et
300 3266 337 3326 ad
359 3268 472 3345 primos
494 3270 647 3347 procurrit
669 3266 792 3330 Graecia
814 3267 947 3332 linctus?

109 3356 225 3434 respice
250 3353 286 3414 ad
308 3354 362 3414 bas
385 3373 476 3416 uoces
500 3344 624 3438 etiam,
646 3374 768 3440 precor,
791 3357 902 3442 adnue,
926 3362 1068 3422 coniunx.

93 3461 160 3518 per
182 3451 225 3525 te,
252 3460 330 3523 quae
353 3445 472 3525 superis
495 3444 633 3524 diuisque
655 3449 806 3524 potentior
828 3449 906 3529 imis,

75 3544 206 3607 perque
228 3531 322 3618 baec,
350 3535 453 3621 uirgo,
477 3543 532 3598 tuo
555 3533 718 3597 redeuntia
738 3535 841 3595 sidera
857 3544 939 3595 nutu
