2384 3878
130 194 175 260 84
473 192 503 248 [l.
522 189 807 248 imminuendi

134 362 264 425 parsque
287 335 400 425 (nefas)
425 342 571 420 deprome
593 343 685 421 iugis3
707 358 777 402 nam
800 347 900 401 oetera
923 339 1004 401 oaelo

131 433 239 495 dehita.
285 432 470 494 conclamant
487 429 623 512 llinyae,
645 430 739 491 latera
760 436 888 509 utraque
912 430 1022 509 quippe

131 522 295 584 dissiluisse
319 528 433 600 putant
479 518 555 600 sugit
577 521 641 600 ipse
665 521 846 581 nouissimus
869 519 948 580 istus

131 611 242 691 Tiphys
267 618 297 670 et
320 629 335 670 e
359 609 465 670 mediis
489 610 625 689 sequitur
648 609 724 669 freta
747 615 832 688 rapta
855 608 963 687 ruinis3
1095 615 1147 668 ssd

131 702 188 761 hee
211 701 295 779 prius
319 698 476 759 obsessum
498 697 629 777 seopulis
652 698 784 777 respexit
807 696 843 756 ad
866 715 978 775 aequor

131 797 184 849 aut
205 790 295 848 sociis
317 794 460 866 temptata
483 789 581 868 qnieS,
605 787 752 866 nigrantia
774 803 864 865 quam
887 787 946 845 iam

131 877 218 938 litora
241 876 454 955 longinquique
478 878 594 936 exirent
617 875 739 937 flumina
762 874 890 936 llhehae.

132 974 204 1027 tuno
227 966 321 1026 lassas
344 983 472 1044 posuere
495 983 614 1045 manus,
636 973 710 1026 turre
731 963 815 1024 arida
837 963 935 1025 anheli

132 1062 267 1136 pectora,
290 1055 424 1115 discussa
447 1054 549 1133 quales
572 1053 730 1115 formidine
749 1053 866 1115 'Auerni
1097 1065 1149 1115 too

132 1143 250 1205 Alcides
272 1143 466 1221 Theseusque
490 1161 590 1203 comes
612 1142 751 1221 pallentia
774 1144 901 1220 iungunt

133 1249 202 1312 ora,
224 1230 277 1292 ubi
300 1233 350 1292 uix
373 1233 484 1310 primas
507 1231 634 1310 amplexi
655 1231 777 1292 luminis
800 1248 877 1291 oras.

177 1319 239 1380 Neo
262 1338 335 1380 uero
358 1322 422 1399 ipse
445 1328 544 1381 metus
567 1337 714 1398 surasque
737 1320 891 1381 resoluere
912 1319 1031 1400 duotor,

134 1409 187 1469 sed
209 1410 302 1470 maria
325 1416 480 1488 aspectans
505 1405 575 1470 ‘heu
599 1411 652 1487 qui
674 1409 762 1470 datus
784 1411 840 1469 iste
864 1408 990 1469 deorum
1126 1470 1135 1485 ,

134 1505 216 1558 sorte
239 1496 323 1558 labor
345 1496 446 1559 nohisl
468 1512 594 1559 saeuum
616 1504 650 1558 ut
673 1499 829 1559 ueniamus
852 1497 888 1558 ad
912 1514 1030 1560 mnam
1098 1507 1148 1562 aod

129 1584 268 1646 Phasidis
292 1594 322 1646 et
340 1580 440 1646 mites’
463 1588 562 1665 inquit
585 1581 669 1646 ‘dent
690 1585 803 1647 uellera
826 1585 937 1667 Colchi,

133 1673 214 1734 unde
237 1692 291 1754 per
314 1675 370 1734 hos
392 1676 503 1736 iterum
526 1682 643 1736 montes
666 1670 768 1754 iuga?'
792 1674 861 1735 talia
884 1675 991 1756 fundit,

134 1764 259 1842 imperio
283 1763 357 1823 lixas
380 1762 462 1824 louis
483 1771 697 1843 aeternumque
721 1766 874 1825 reuinctos
949 1783 951 1786 ·

134 1854 262 1912 nescius.
307 1851 381 1912 haee
404 1853 456 1912 lati
479 1861 561 1915 oerte
583 1871 652 1914 nam
673 1854 738 1933 lege
761 1853 929 1933 manebant,

136 1942 221 2019 siqua
242 1959 297 2019 per
319 1939 375 2000 hos
397 1940 486 2002 undis
509 1960 650 2021 umquam
672 1945 745 2003 ratis
767 1944 842 2002 isset
863 1944 983 2021 apertis.
1101 1953 1152 2005 ‘tto

179 2028 257 2088 Tum
280 2029 370 2109 freta,
393 2046 470 2107 quae
492 2030 588 2110 longis
611 2031 731 2092 fuerant
753 2033 890 2110 iuperuin
913 2030 1027 2111 saeclis,

136 2115 171 2176 ad
196 2115 324 2178 suhitam
347 2124 491 2196 stupuere
513 2126 621 2200 ratem,
643 2119 791 2198 Pontique
814 2121 938 2180 iacentis

136 2223 223 2266 omne
247 2206 343 2266 solum
366 2224 513 2286 regesque
536 2207 639 2287 patent
661 2216 826 2287 gentesque
849 2217 995 2287 repostae.

136 2312 198 2354 non
220 2292 289 2354 alihi
313 2295 414 2355 eiiusis
438 2304 594 2357 cesserunt
616 2297 734 2376 longius
756 2297 845 2358 undis

136 2381 236 2462 litora3
260 2400 315 2442 neo
339 2389 436 2443 tantas
458 2385 579 2445 iunctus
602 2383 775 2464 Tyrrhenus
798 2393 829 2446 et
851 2385 953 2464 Aegon
1101 2395 1151 2450 us

136 2470 240 2532 uoluat
261 2488 366 2551 aquas,
389 2473 515 2550 geminis
538 2479 583 2533 tot
605 2472 704 2534 desint
727 2474 864 2553 Syrtibus
887 2475 993 2537 undae.

138 2577 206 2621 nam
230 2577 321 2640 super
343 2559 402 2621 huo
425 2568 528 2622 uastos
550 2560 638 2623 tellus
661 2580 781 2642 quoque
804 2565 940 2643 oongerit
962 2581 1072 2626 amnes.

137 2667 210 2709 num
233 2651 458 2729 septemgemini
480 2668 644 2712 memorem
666 2670 740 2730 quas
763 2654 860 2714 exitus
882 2651 985 2735 Histri,

138 2755 212 2815 quas
235 2737 342 2798 Tanais
364 2738 521 2817 flauusque
545 2740 637 2820 Tyres
659 2740 850 2821 Hypanhque
873 2741 1033 2823 Nouasque

139 2826 227 2886 addat
249 2844 335 2906 opes,
359 2835 545 2906 quantosque
569 2831 653 2889 sinus
675 2829 800 2891 Maeotia
822 2830 921 2891 laxent
1101 2840 1152 2892 tao

138 2911 289 2994 aequora?
333 2914 475 2976 flumineo
499 2919 542 2977 sie
565 2919 682 2996 agmine
705 2918 795 2996 fregit
817 2921 909 2980 amari
935 2959 940 2967 -

138 3005 202 3064 uim
225 3004 293 3064 salis
315 3006 386 3065 hino
409 3003 522 3066 Boreae
545 3006 654 3067 cedens
677 3006 872 3086 glaciantihus
896 3010 976 3069 auris

138 3089 252 3153 Pontus
276 3100 306 3153 et
329 3102 433 3155 exorta
456 3094 549 3156 laeilis
572 3113 768 3157 eonoreseere
791 3095 905 3158 bruma.

138 3187 231 3258 utque
254 3181 303 3242 uel
325 3184 456 3257 inmotos
477 3202 565 3245 ursae
587 3185 669 3263 rigor
692 3187 808 3246 inuenit
830 3204 932 3246 amnes
1007 3207 1009 3212 ·

138 3268 189 3329 uel
212 3270 287 3330 freta
309 3290 399 3333 uersa
420 3273 518 3355 uadis,
540 3273 670 3334 hiemem
692 3276 734 3335 sie
758 3274 837 3335 unda
859 3293 914 3354 per
937 3290 1056 3337 omnem
1081 3267 1152 3337 'itt

139 3364 191 3418 aut
214 3376 317 3438 campo
340 3363 417 3422 iacet
444 3369 495 3423 aut
518 3361 633 3423 tumido
654 3364 732 3442 riget
754 3363 846 3423 ardua
868 3363 972 3444 llnotu,

129 3452 224 3521 atque
244 3446 305 3509 hae
325 3448 479 3532 Europam
498 3453 600 3512 curuis
618 3451 800 3512 anlraotihus
821 3461 919 3535 urget,

109 3526 172 3592 ,hac
193 3533 301 3598 delam
325 3537 510 3622 Scythicum
535 3543 639 3627 speeie
661 3542 798 3605 sinuatus
817 3542 854 3604 in
874 3560 985 3603 areium.
