2384 3878
323 186 616 245 ARGONAU'I'ICON
635 187 745 244 LIBER
762 188 810 245 IV.
1032 189 1075 254 Π
1131 224 1135 233 ·

56 354 129 416 ergo
152 336 205 398 ubi
226 340 286 398 iam
308 336 421 416 Minyas
444 345 617 416 certamque
640 336 782 399 accedere
805 337 936 400 Phineus

55 426 150 489 sentit
170 445 271 507 opem,
294 427 406 505 primas
427 425 534 488 bacuio
555 426 632 489 duee
655 427 752 488 fertur
775 426 811 486 ad
834 427 928 489 undas

56 517 245 594 uestigatque
269 521 366 575 ratem
387 522 476 593 atque
499 515 602 578 oculos
625 515 733 577 attollit
755 518 869 577 inance.
1021 528 1074 580 435

57 612 130 664 tnnc
154 611 277 665 tenuem
300 605 417 683 spirans
439 606 567 665 animun
590 600 683 666 ‘salue
707 624 724 664 o
747 603 820 666 mihi
842 604 964 683 longum

57 699 215 772 expectata
234 709 343 753 manus
364 688 547 773 nostrisque'
571 696 612 754 ait
635 688 746 772 ‘agnita
768 694 856 755 uotis.

55 783 197 843 nouimus
220 787 252 842 et
273 780 351 842 diuis
373 783 469 860 geniti
491 781 601 860 quibus
624 789 655 843 et
677 784 727 842 uia
748 784 847 844 iussos

49 873 137 951 *quae
156 870 234 931 ierat
256 886 291 931 ae
313 872 409 950 uestri
430 873 571 949 reputari
592 877 727 949 tempora
750 888 858 931 cursus

56 960 195 1039 proxime
216 975 352 1038 quaeque
375 957 491 1039 legens,
514 966 660 1038 quantum
682 958 822 1020 Vulcania
845 957 973 1023 Lemnos
1022 971 1075 1021 440

57 1049 196 1128 traxerit,
218 1045 323 1115 iniciis
345 1045 450 1108 tulerit
471 1065 547 1126 quae
570 1047 695 1128 Cyzicus
717 1065 807 1110 arma.
1158 1046 1160 1055 '

54 1137 140 1198 sensi
163 1141 196 1195 et
216 1133 361 1215 bebrycio
385 1153 556 1215 supremam
578 1138 609 1198 in
631 1136 719 1198 litore
742 1153 872 1215 pugnam

56 1226 118 1286 iam
139 1225 263 1303 propior
285 1226 404 1303 iamque
426 1224 483 1285 boc
507 1227 635 1287 animam
657 1225 799 1288 solamine
821 1224 964 1287 muleens.

57 1331 121 1375 non
143 1331 198 1391 ego
220 1330 314 1394 nunc,
337 1330 444 1392 magno
468 1313 547 1391 qrrod
571 1321 673 1375 cretus
695 1314 831 1391 Agenore
854 1312 995 1395 Phineus,

57 1410 111 1464 aut
132 1418 312 1482 memorem,
334 1419 402 1461 mea
424 1401 504 1480 quod
526 1410 611 1463 uates
633 1402 745 1464 insedit
765 1401 870 1481 Apollo
1022 1414 1074 1465 445

56 1497 195 1571 pectora3
216 1491 385 1569 praesentis
406 1491 508 1569 potius
530 1492 715 1553 miserescite
739 1491 799 1551 iaii.

57 1597 115 1640 nec
138 1578 211 1638 mihi
234 1577 362 1640 diuersis
385 1586 519 1641 erratum
541 1578 660 1640 casibus
682 1578 787 1640 orbem

57 1668 184 1728 amissas
206 1675 258 1728 aut
279 1667 353 1730 flere
376 1667 480 1729 domos
502 1676 554 1729 aut
576 1667 673 1729 dulcia
696 1675 815 1747 tempus

57 1756 186 1836 lumina3
209 1757 355 1817 coniectis
378 1774 481 1818 serum
503 1766 550 1818 est
572 1775 609 1818 ex
631 1755 737 1818 ordine
760 1757 828 1816 iatis

57 1847 220 1924 ingemere.
266 1844 413 1924 Harpyiae
436 1863 555 1925 semper
577 1862 643 1906 mea
664 1843 772 1924 pabula
795 1852 927 1925 seruant,
1022 1856 1076 1907 iso

58 1933 162 1994 fallere
186 1951 261 2012 quas
283 1949 431 2012 nusquam
454 1935 565 1994 misero
587 1933 686 1995 locus:
707 1933 790 1995 ilicet
812 1950 916 1997 omues

58 2021 226 2084 deueniunt
248 2023 334 2102 niger
356 2023 470 2084 intorto
493 2039 550 2085 ceu
573 2021 693 2084 turbine
716 2020 846 2103 nimbus,

57 2113 178 2190 iamque
202 2110 255 2171 aiis
277 2110 387 2190 procui
406 2121 437 2173 et
458 2113 559 2173 sonitu
581 2110 655 2173 mibi
677 2118 748 2175 nota
771 2103 921 2191 deiectum²

59 2200 208 2279 diripiunt
230 2208 417 2279 uerrunique
441 2200 532 2278 dapes
554 2199 730 2279 foedataque
754 2198 877 2265 turbant

58 2287 181 2370 pocula,
205 2290 300 2349 saeuit
323 2288 397 2349 odor
419 2291 574 2368 surgitque
597 2290 765 2350 miserrima
786 2305 894 2369 pugna,
1023 2299 1075 2349 455

57 2375 272 2458 parquemihi
293 2379 496 2456 monstrisque
519 2378 621 2442 fames.
665 2394 809 2459 spreuore
833 2375 913 2456 quod
936 2395 1040 2443 omnes

57 2464 293 2546 pollueruntque
315 2484 405 2527 nunu
429 2466 569 2546 quodque
592 2465 742 2545 unguibus
765 2465 876 2529 excidit
897 2469 970 2531 atris

58 2554 115 2615 has
137 2553 212 2615 mibi
233 2554 293 2615 iert
314 2557 346 2615 in
368 2554 435 2616 luce
458 2573 566 2617 moras.
612 2573 668 2615 nec
690 2573 832 2633 rumpere
855 2555 914 2617 iata

59 2650 159 2704 morte
182 2642 265 2724 lieet;
288 2643 418 2704 trahitur
439 2645 523 2705 uimn
546 2642 676 2704 crudelis
700 2649 823 2720 egestas.

60 2730 116 2793 sed
139 2749 194 2793 uos
217 2750 235 2792 o
259 2738 378 2793 seruate
400 2749 521 2813 precor,
544 2729 696 2811 praedicta
719 2729 845 2793 deorum
1024 2743 1077 2796 iio
1172 2796 1176 2801 ,

61 2822 88 2882 si
111 2837 171 2880 non
194 2820 269 2880 ialsa
289 2820 377 2902 mibi,
394 2839 450 2883 uon
472 2821 564 2882 duem
585 2821 720 2900 inponite
741 2821 857 2899 poeuis.

60 2926 172 2988 nempe
192 2908 314 2990 adsunt,
336 2910 390 2989 qui
411 2916 545 2971 monstro
567 2910 685 2990 fugent,
708 2908 865 2988 Aquilonia
887 2908 988 2988 prades

60 3015 124 3059 son
147 3004 269 3059 externa
291 2997 378 3079 mibi5
400 3017 470 3060 uam
489 3016 545 3060 rer
565 3016 623 3075 ego
644 2996 749 3061 diuitis
770 2996 863 3062 Hebri

60 3086 223 3166 iunctaque
246 3095 349 3148 uestra
370 3105 437 3162 meo
458 3086 611 3166 qnondam
634 3083 789 3166 Gieopatm
811 3079 924 3151 cubili?
961 3120 966 3128 ·
1169 3140 1175 3145 .

106 3173 222 3235 Nomen
245 3174 282 3236 ad
304 3176 430 3251 dcteeap
448 3173 717 3254 debeis-Zetesque
741 3176 854 3238 aeroma
1020 3186 1075 3241 dic

61 3262 237 3345 prosiliunt,
251 3263 404 3344 'Zetesque
423 3266 510 3343 prior
533 3259 636 3343 ‘quem
657 3257 842 3327 ceruimus?
865 3264 970 3342 inquii.

62 3346 150 3414 ‘tune
172 3352 222 3413 ille
246 3351 389 3433 Odrysiae
410 3352 542 3414 Phineus
564 3371 618 3414 res
641 3352 762 3415 incline
785 3347 877 3416 orae?

56 3447 98 3502 >tu
120 3439 234 3502 Phoebi
257 3459 358 3502 comes
381 3449 411 3504 ot
431 3449 536 3504 nostro
560 3441 667 3503 dilecte
689 3437 828 3521 parenti?

63 3547 82 3590 o
105 3529 157 3590 ubi
179 3548 261 3592 nunc
284 3532 369 3611 regrd
391 3533 570 3612 generisque
592 3529 648 3594 ubi
668 3524 782 3611 uniat
808 3548 907 3610 quam
921 3537 960 3586 ts
