2384 3878
76 169 124 235 42
425 168 454 225 Ο.
473 166 610 223 vannat
627 165 759 223 FLACOI

125 320 309 398 lumittitque
333 325 428 379 ratem
450 317 621 396 mediasque
645 316 806 378 interuolat
829 315 921 378 urbes

81 429 140 490 qua
163 407 306 469 breuibus
330 408 402 468 furit
424 415 524 467 aestus
548 408 632 485 aquis
656 407 812 485 Asiamque
835 413 1026 485 prementem

82 500 185 578 effugit
209 496 343 578 abruptis
366 496 485 576 Europa
508 497 655 556 inmanior
679 497 747 556 oris.
1046 507 1098 558 015

81 588 135 648 has
159 589 247 647 etiam
265 594 361 648 terras
385 593 581 663 consertaque
605 584 743 663 gentibus
767 602 839 645 arua

81 679 125 737 sic
148 675 252 755 pelago
275 675 425 756 pulsante,
449 692 531 755 reor,
554 673 702 752 Neptunia
726 673 875 753 quondam

28 788 31 795 ·
82 767 183 844 cuspis
207 772 236 824 et
260 764 378 825 aduersi
401 763 506 842 longus
529 762 613 823 labor
636 762 761 823 abscidit
784 764 860 843 aeui,

81 861 116 915 ut
140 852 273 914 Siculum
295 853 497 933 Libycumque
521 851 609 933 latus,
634 853 807 931 stupuitque
831 852 950 932 fragore

79 943 199 1003 'faurus
223 950 253 1003 et
276 943 408 1003 occiduis
431 948 571 1021 regnator
592 940 744 1002 ‘montibus
768 939 878 1001 Atlans.
1047 951 1098 1002 020

82 1033 141 1091 13111
163 1035 231 1109 iuga
253 1031 396 1092 Percotes
418 1031 597 1110 Pariumque
620 1031 730 1090 infame
754 1030 879 1108 fragosis

82 1128 247 1199 exuperant
270 1119 443 1198 Pityamque
466 1120 562 1199 uadis,
586 1121 819 1197 transmissaque
843 1119 937 1197 puppi

82 1208 277 1288 Lampsacus,
302 1208 406 1288 Ogygii
429 1226 517 1287 quarn
540 1226 595 1268 nec
618 1209 770 1268 trieterica
793 1205 902 1267 bacchi

83 1315 167 1357 sacra
190 1315 287 1375 neque
311 1299 426 1357 arcanis
449 1296 595 1376 Phrygius
619 1297 704 1356 furor
726 1295 842 1356 1111131111
864 1297 968 1377 antris,

80 1386 136 1446 sed
158 1404 232 1446 suus
254 1387 286 1445 in
309 1385 454 1446 Venerem
477 1392 573 1464 raptat
597 1385 679 1446 deus.
702 1384 782 1446 illius
805 1402 870 1444 aras
1048 1395 1098 1446 aab

82 1473 158 1535 urbe
182 1492 273 1553 super
296 1475 427 1555 celsique
452 1475 555 1535 uident
578 1476 739 1552 gestamina
763 1472 873 1552 templi.

81 1565 180 1623 rarior
202 1563 272 1624 hinc
295 1562 384 1623 tellus
408 1564 503 1642 adque
527 1566 632 1641 ingens
661 1563 793 1642 undique
817 1560 932 1622 caelum

83 1670 190 1712 rursus
215 1657 244 1712 et
267 1653 413 1731 incipiens
437 1651 527 1712 alium
549 1659 727 1730 prospectus
750 1654 781 1719 in
805 1649 916 1711 orbem.

83 1747 165 1801 terra
188 1743 255 1805 sinu
279 1741 376 1801 medio
400 1741 529 1801 Pontum
551 1743 627 1801 iacet
649 1743 729 1800 inter
753 1747 783 1800 et
805 1736 910 1800 Hellen

84 1848 140 1890 eeu
163 1830 255 1890 fundo
278 1830 392 1908 prolata
415 1832 518 1909 maria,
542 1847 669 1908 namque
692 1828 818 1908 inproba
841 1830 938 1889 caecis

82 1916 184 1979 intulit
206 1936 278 1979 arua
301 1920 385 1980 uadis
408 1918 556 1998 longoque
579 1937 633 1998 per
657 1936 785 1997 aequora
809 1917 897 1978 dorso

82 2004 154 2066 litus
178 2010 250 2085 agit:
273 2014 355 2067 tenet
377 2007 447 2068 hinc
470 2015 605 2068 ueterem
629 2006 795 2067 confinibus
819 2007 880 2066 oris

82 2113 153 2174 pars
176 2095 345 2178 Phrygiam,
368 2115 438 2175 pars
461 2096 584 2157 discreti
606 2098 673 2174 iuga
696 2097 783 2174 pinea
806 2096 925 2156 montis.
1035 2168 1038 2172 λ

83 2202 140 2244 1130
162 2182 268 2263 procul
291 2185 326 2244 ad
349 2187 449 2245 tenuis
472 2186 568 2262 surgit
591 2185 717 2244 confinia
740 2186 823 2263 ponti

83 2272 157 2332 urbs
179 2272 302 2351 placidis
326 2274 453 2335 demissa
475 2276 566 2354 iugis3
590 2292 642 2334 rex
666 2272 767 2333 diuitis
791 2274 853 2352 agri
1049 2283 1098 2334 630

83 2359 216 2439 Cyzicus
262 2358 439 2423 Haemoniae
464 2364 602 2441 quitum
624 2379 701 2421 110113
726 2363 809 2440 signa
833 2363 952 2421 carinae

83 2456 118 2509 ut
142 2448 237 2532 uidet,
260 2451 324 2528 ipse
347 2450 426 2511 ultro
449 2453 560 2529 primas
584 2452 735 2529 procurrit
759 2450 794 2511 ad
817 2449 912 2510 undas

82 2539 268 2619 miraturque
291 2541 374 2599 uiros
397 2540 589 2617 dextramque
614 2538 766 2618 amplexus
790 2547 820 2599 et
842 2537 970 2599 haerens

83 2629 188 2705 incipit
212 2623 241 2689 ‘0
264 2630 354 2690 terris
377 2647 457 2690 nunc
480 2630 610 2708 primum
633 2630 750 2706 cognita
773 2628 884 2688 nostris

85 2715 254 2776 Aemathiae
277 2736 382 2778 manus
406 2726 435 2778 et
459 2718 534 2778 fama
558 2717 630 2778 1111111
654 2719 746 2777 maior
769 2719 873 2795 imago.

82 2822 144 2863 11011
167 2812 266 2864 13111311
288 2805 361 2865 haec
385 2806 458 2866 adeo
481 2814 594 2866 semota
616 2823 713 2884 neque
738 2805 837 2866 abdita
860 2803 948 2865 tellus

84 2911 140 2953 uec
164 2891 228 2952 loca
250 2894 308 2953 iam
330 2893 449 2972 populis
472 2895 608 2973 inperuia
631 2892 706 2954 lucis
731 2911 810 2974 eoae,

84 2999 155 3041 cum
177 2981 251 3041 tales
274 2983 401 3043 intrasse
425 2982 531 3063 duces,
554 2990 599 3043 101
622 2982 730 3043 robora
754 3001 854 3043 cerno.

84 3087 153 3128 nam
176 3068 245 3131 licet
267 3070 336 3131 hinc
360 3089 464 3132 saeuas
488 3071 576 3133 tellus
600 3071 657 3132 alat
679 3072 800 3133 horrida
824 3077 929 3150 gentes

84 3175 191 3236 meque
210 3159 340 3220 fremens
364 3160 476 3221 tumido
501 3160 687 3225 circumfluat
710 3178 762 3220 ore
785 3160 955 3240 Propontis,
1046 3167 1100 3216 645

85 3255 186 3307 uestra
209 3248 281 3308 fides
304 3252 440 3329 ritusque
464 3268 550 3328 pares
575 3257 603 3309 et
622 3251 704 3310 mitia
727 3248 810 3309 cultu

84 3334 131 3395 bis
154 3338 242 3397 etiam
265 3337 338 3398 mihi
360 3338 450 3399 corda
473 3336 558 3417 locis3
581 3337 687 3416 procul
709 3339 800 3398 effera
823 3340 921 3398 uirtus

83 3422 225 3504 Bebrycis
248 3433 278 3485 et
302 3426 432 3506 Scythici
454 3426 560 3505 procul
581 3426 770 3487 inclementia
794 3421 890 3487 sacri'

77 3513 127 3570 sie
146 3522 293 3575 memorat
315 3514 469 3596 laetosque
492 3519 582 3598 rapit,
606 3514 694 3576 simul
716 3515 832 3593 hospita
855 3513 945 3594 pandi
