2384 3878
89 183 132 250 58
433 183 463 239 (l.
481 183 619 240 vanum
636 182 767 239 FLAOCI

25 378 33 385 -
89 343 119 395 at
142 335 240 414 uirgo,
264 350 443 413 quamquam
464 333 586 393 insidias
611 340 752 412 astusque
776 350 924 394 nouercae

88 425 196 484 sentiat
219 430 249 483 et
271 421 394 482 blandos
417 430 611 501 quaerentem
634 422 746 501 fingere
770 421 881 502 uultus,

89 511 265 590 obsequitur
286 519 386 572 tamen
410 519 440 571 et
463 513 558 571 iussas
581 512 656 590 petit
679 512 764 574 ocius
786 528 862 571 oras.

132 601 280 680 Ingemuit
302 600 377 660 luno
399 599 579 679 tandemque
603 599 720 660 silentia
742 601 868 678 rumpit:

89 685 139 750 ‘en
161 688 258 768 labor,
282 707 320 749 en
343 689 419 749 odiis
442 696 531 769 eaput
553 687 753 768 insuperabile
777 690 899 768 nostrh,
1056 700 1109 750 olo

88 796 178 859 qnam
199 777 332 838 Nemeen
356 786 400 838 tot
424 777 502 839 fessa
525 779 627 858 minis,
651 795 726 856 quae
749 776 873 837 flumina
890 775 1006 837 Lernae

89 863 246 947 experiar?
291 865 429 946 Phrygiis
452 865 532 927 ultro
556 884 736 927 concurrere
760 867 903 927 monstris

89 974 195 1035 nempe
219 957 320 1016 uirum
342 965 373 1016 et
394 954 521 1036 pulchro
544 963 729 1016 reserantem
751 954 895 1034 Pergama
918 961 1026 1034 coepto

88 1046 226 1106 uidimus.
273 1063 309 1105 en
333 1063 388 1123 ego
410 1063 491 1105 nunc
513 1062 619 1123 regum
641 1039 748 1104 soror?
771 1051 801 1104 et
823 1041 896 1103 mihi
918 1043 1017 1122 gentis

89 1134 168 1195 ullus
190 1129 307 1194 honos?
329 1135 388 1193 iam
410 1141 475 1194 tum
498 1133 655 1193 indecores
677 1135 833 1211 iustaeque
856 1130 994 1193 dolorum
1054 1143 1106 1192 515

87 1223 247 1302 primitiae,
270 1230 305 1281 nt
327 1230 432 1282 tenero
456 1224 588 1301 superati
609 1224 747 1300 protinus
770 1238 891 1300 angues.

88 1309 243 1371 debuerim
265 1309 363 1371 nullos
385 1312 488 1371 iuueni
510 1312 569 1371 iarn
592 1329 736 1390 quaerere
759 1328 846 1370 casus

88 1401 167 1460 uicta
190 1417 246 1459 nec
269 1398 305 1459 ad
329 1399 404 1460 tales
427 1400 528 1460 forsan
552 1398 733 1460 descendere
756 1416 885 1478 pugnas:

88 1507 195 1549 uerum
218 1490 323 1548 animis
346 1490 451 1548 insiste
475 1490 535 1550 tuis
558 1497 714 1566 astumque
737 1505 792 1567 per
815 1505 935 1549 omnem

87 1577 177 1637 tende
201 1576 312 1656 pudor3
335 1594 403 1636 mox
427 1585 457 1637 et
479 1577 584 1638 Furias
607 1577 763 1656 Ditemque
786 1570 936 1636 monebo.’

87 1665 160 1726 haec
184 1667 224 1724 ait
247 1674 277 1725 et
299 1666 411 1745 pariter
434 1664 512 1726 laeui
534 1667 602 1744 iuga
625 1667 712 1744 pinea
735 1667 845 1726 montis

86 1755 210 1833 respicit
233 1772 266 1814 ae
288 1753 415 1833 pulchro
438 1762 583 1816 uenantes
606 1757 722 1834 agmine
745 1752 903 1834 NymphaS,

86 1843 234 1904 undarum
257 1861 473 1923 nemorumque
496 1843 596 1905 decus.
642 1843 719 1905 leuis
741 1840 879 1903 omnibus
903 1860 991 1904 arcus

88 1935 272 2015 etmanicae
296 1933 409 1993 uirides
432 1935 537 1994 stricta
560 1941 590 1994 et
613 1940 734 2012 corytus
752 1929 876 2012 habena,

89 2038 205 2080 summo
227 2018 304 2100 palla
326 2038 418 2102 genn,
441 2024 525 2082 tenui
547 2039 641 2100 uagus
663 2023 777 2081 innatat
799 2020 879 2081 unda
963 2070 971 2086 .
1070 2045 1077 2057 ·

87 2110 179 2170 crinis
202 2109 237 2169 ad
261 2108 405 2170 obscurae
429 2110 594 2171 decurrens
617 2109 735 2189 cingula
757 2126 909 2169 mammae.

86 2201 151 2279 ipsa
174 2199 331 2259 citatarum
353 2198 442 2259 tellus
460 2199 535 2279 pede
558 2199 644 2280 puha
667 2215 805 2259 sororum

86 2295 227 2366 personat
250 2295 281 2347 et
304 2289 415 2348 teneris
437 2290 596 2349 summittit
617 2289 750 2367 gramina
772 2288 888 2366 plantis.

87 2394 104 2435 e
128 2374 238 2453 quibus
259 2374 407 2436 Herculeo
430 2375 547 2456 Dryope
570 2395 714 2456 percussa
736 2377 862 2455 fragore,

87 2482 157 2524 cum
179 2463 317 2542 fugerent
339 2465 399 2524 iam
421 2464 479 2524 tela
502 2466 595 2546 ferae,
618 2472 806 2545 processerat
829 2463 907 2525 ultra

85 2552 239 2615 turbatum
262 2554 364 2613 uisura
387 2570 506 2634 nemus,
530 2554 701 2633 fontemque
724 2552 844 2633 petebat

86 2659 193 2703 rursus
216 2649 247 2702 et
270 2645 410 2703 attonitos
434 2641 583 2704 referebat
606 2642 642 2703 ab
664 2641 793 2703 Hercule
817 2639 928 2701 uultus.

85 2730 162 2790 hanc
185 2729 303 2809 delapsa
325 2731 393 2810 polo
416 2733 578 2810 piceaeque
602 2730 725 2791 adclinis
748 2747 856 2810 opacae
915 2804 925 2813 μ

87 2818 160 2880 luno
184 2826 271 2878 uocat
293 2836 460 2897 prensaque
484 2836 574 2880 manu
597 2821 639 2879 sic
663 2817 769 2878 blanda
791 2817 941 2898 profatm·:

87 2902 188 2986 ‘quem
210 2905 266 2966 tibi
289 2908 427 2985 coniugio
451 2914 496 2967 tot
518 2908 675 2984 dedignata
697 2908 795 2968 dicaui

86 2994 220 3075 Nympha
241 3011 363 3076 procos,
386 3013 425 3054 en
447 2994 608 3056 Haemonia
630 3014 707 3075 puer
729 2994 842 3076 adpulit
865 2993 941 3076 alno,

87 3101 175 3144 carus
197 3082 300 3165 Hylas,
319 3083 470 3163 saltusque
494 3092 562 3146 tuos
585 3093 762 3163 montesque
785 3093 931 3164 pererrat.

86 3173 189 3234 uidisti
211 3174 306 3234 roseis
328 3173 402 3233 haec
425 3192 480 3254 per
502 3173 567 3235 loca
589 3171 724 3234 Bacchus
747 3171 870 3234 habenis

80 3279 155 3323 cum
178 3261 304 3322 domitas
327 3264 406 3324 acies
428 3270 459 3324 et
481 3262 536 3324 Eoi
559 3261 672 3322 fercula
694 3264 780 3341 regni

86 3351 210 3412 duceret
233 3367 266 3410 ac
289 3369 396 3412 rursus
418 3350 530 3412 thiasos
554 3358 584 3411 et
608 3368 691 3412 sacra
713 3357 863 3430 moneret3

85 3439 165 3500 hunc
188 3439 244 3500 tibi
266 3440 316 3500 uel
338 3442 435 3520 posito
459 3447 620 3502 cenantem
641 3441 760 3519 pectine
783 3437 938 3499 Phoebum

80 3527 174 3587 crede
195 3528 268 3590 dari.
315 3547 392 3608 qnae
414 3547 484 3610 spes
507 3527 650 3610 Nymphis
673 3527 807 3589 aufertur
830 3525 966 3587 Achaeis!
