2384 3878
356 201 650 260 ARGONAUTICON
668 203 778 260 LIBER
795 205 829 260 V.
1058 208 1111 272 99'

82 350 193 429 quidue
217 349 322 411 ierant.
368 360 525 431 postquam
546 355 651 433 primis
674 353 817 414 inhiantia
840 355 927 417 dictis

82 440 198 520 agmina
222 458 455 519 supressumque
479 442 562 502 uidet
584 444 643 503 iam
665 461 802 504 murmur
824 444 920 527 lason,

82 529 151 590 talia
174 530 294 589 miranti
317 538 474 610 promptus
497 530 566 592 tulit
589 550 657 592 orsa
680 541 820 612 tyranno:
1048 549 1102 598 470

82 614 148 678 ‘rex
170 616 385 701 Hyperionide,
409 638 497 698 quem
520 639 575 699 per
598 622 674 682 treta
698 629 778 682 tanta
801 621 963 701 petendum

83 706 239 768 caelicolae
264 726 300 767 en
324 710 419 787 prima
443 707 566 788 dignum
590 716 720 770 statuere
745 714 854 793 carina,

83 795 228 875 siquando
251 796 299 857 hic
323 797 452 875 aliquam
475 807 578 858 nostro
603 806 684 860 satus
707 799 780 860 orbe
804 801 918 863 solebat

82 884 276 967 Thessaliam,
300 887 403 964 siquos
426 885 555 948 Phrixus
574 906 739 948 memorare
763 888 917 968 Pelasgos:

80 974 112 1034 hi
134 972 199 1056 tibi,
221 982 265 1035 tot
288 993 384 1056 casus,
407 974 555 1035 horrenda
579 984 625 1037 tot
648 979 713 1037 auia
728 980 832 1058 mensi,
1046 993 1100 1043 476

81 1065 241 1124 cernimur.
286 1066 350 1143 ipse
375 1072 492 1144 egomet
513 1067 636 1144 proprio
660 1065 697 1125 de
721 1068 865 1145 sanguine
888 1066 1005 1130 Phrixi:

79 1170 207 1232 namque
230 1152 310 1213 idem
334 1151 480 1215 Cretheus
503 1152 647 1214 ambobus
671 1163 702 1215 et
724 1154 833 1216 heolus
856 1164 961 1217 auctor

80 1260 149 1302 cum
172 1241 242 1302 lone
266 1240 465 1322 Neptunoque
489 1251 518 1304 et
543 1263 611 1304 cum
635 1243 803 1305 Salmonide
828 1244 983 1324 nympha·

78 1348 187 1409 meque
210 1348 266 1391 nec
285 1330 344 1391 huc
368 1349 456 1391 enses
474 1350 602 1411 araeque
622 1351 710 1412 egere
734 1341 884 1414 paternae,

78 1437 136 1480 nec
159 1427 223 1501 tua,
247 1418 425 1479 Thessalicis
450 1438 628 1499 quamquam
650 1421 753 1483 inclita
776 1424 895 1482 nomina
918 1426 1017 1506 terris,
1043 1438 1097 1489 480

80 1515 185 1588 sponte
210 1525 329 1587 sequor.
376 1511 425 1569 cui
448 1527 508 1569 non
531 1512 614 1571 iusso
637 1517 682 1571 tot
705 1510 787 1571 adire
810 1511 949 1591 uoluptas

78 1604 211 1657 monstra
229 1593 342 1658 maris?
365 1600 414 1658 cui
439 1595 571 1678 Cyaneos
594 1600 707 1661 intrare
726 1596 882 1680 fragores?

78 1694 196 1766 sceptra
218 1688 348 1747 tuitoto
372 1686 468 1747 Pelias
492 1687 547 1749 sub
570 1690 700 1749 momine
723 1688 836 1750 Phoebi

77 1777 204 1836 maxima
227 1783 308 1836 sorte
331 1783 451 1857 tenens,
474 1783 577 1855 totque
601 1777 650 1837 ille
673 1780 839 1857 prementia
863 1778 956 1840 chuos

78 1863 198 1945 oppida,
221 1871 265 1924 tot
288 1865 350 1943 iugi
372 1863 574 1943 pulcherrima
596 1865 718 1926 flumina
742 1884 850 1947 cornu3
1042 1880 1095 1930 486

75 1952 125 2013 ille
149 1971 249 2014 meum
272 1954 406 2032 imperiis
426 1962 512 2033 urget
536 1963 641 2037 caput,
664 1954 713 2015 ille
737 1954 854 2016 labores

77 2040 127 2103 dat
149 2044 262 2124 uarios,
286 2061 359 2103 suus
382 2050 416 2103 ut
439 2061 579 2124 magnum
600 2063 654 2105 rex
678 2047 791 2125 spargit
813 2043 850 2105 ab
873 2045 961 2124 Argis

76 2129 212 2213 Alciden,
236 2131 378 2193 Sthenelo
402 2133 466 2212 ipse
491 2141 580 2195 satus.
628 2142 727 2194 tamen
750 2152 855 2214 aspera
878 2140 984 2214 regum

75 2221 261 2300 perpetimur
284 2223 366 2301 iuga,
389 2239 445 2281 nec
468 2222 573 2282 melior
595 2240 701 2301 parere
725 2241 842 2283 recuso.

74 2308 123 2369 hic
148 2307 274 2370 sibime
298 2318 418 2371 auratae
440 2311 565 2391 pecudis
589 2313 786 2391 quiscumque
808 2311 930 2392 periclis
1041 2326 1095 2377 490

75 2400 198 2459 exuuias
221 2399 355 2478 perferre
379 2399 470 2461 iubet.
516 2399 571 2461 tibi
594 2403 687 2480 gratia
711 2403 806 2462 nostri

74 2489 126 2568 sit,
148 2505 269 2570 precor,
291 2491 323 2548 in
346 2491 521 2568 meritisque
540 2490 633 2572 loces,
657 2490 737 2569 quod
760 2493 841 2551 iussa
864 2494 965 2570 recepi

74 2585 164 2655 teque
188 2575 291 2657 alium,
315 2595 403 2655 quam
426 2597 517 2656 quem
539 2578 635 2638 Pelias
659 2588 819 2658 speratque
843 2580 995 2661 cupitque,
1062 2585 1066 2589 '

75 2666 200 2744 promisi
223 2674 254 2728 et
269 2665 399 2726 meliora
417 2673 485 2727 tuae
509 2666 582 2727 mihi
605 2666 725 2726 loedera
748 2666 878 2728 dextrae.

73 2756 99 2813 si
121 2761 225 2833 petere
248 2755 305 2815 hoc
329 2756 412 2815 saeui
435 2757 606 2816 statuissem
630 2757 772 2836 sauguine
797 2755 875 2837 helil,
1037 2770 1090 2819 495

73 2841 148 2903 Ossa
171 2843 259 2904 dabat
280 2843 453 2924 Pindusque
477 2853 556 2905 rates
581 2853 712 2924 quotque
737 2854 804 2907 ante
829 2847 925 2906 secuti

72 2930 141 2993 inde
166 2950 221 2992 nec
245 2932 387 2994 audacem
409 2933 558 2995 Bacchum
582 2954 637 2995 nec
660 2934 771 2996 Persea
793 2953 888 3014 reges.

72 3019 125 3080 sed
149 3039 196 3081 me
220 3020 299 3082 nuda
322 3023 395 3083 tides
419 3025 573 3102 sanctique
596 3026 730 3102 potentia
752 3026 824 3084 iusti

69 3109 130 3170 huc
154 3109 221 3171 tulit
245 3129 278 3171 ac
301 3109 392 3171 medii
415 3113 554 3171 sociatrix
577 3114 673 3191 gratia
696 3111 812 3194 Phrixi3

69 3216 200 3278 namque
223 3199 277 3260 tibi
300 3207 403 3260 nostra
425 3203 519 3279 geniti
542 3201 578 3261 de
603 3202 696 3280 stirpe
721 3209 854 3281 nepotes
1037 3213 1090 3265 500

70 3305 128 3348 nec
151 3295 251 3349 tamen
273 3296 325 3350 ant
347 3288 492 3369 Phrygios
514 3308 601 3370 reges
625 3298 676 3351 aut
699 3308 771 3351 arua
795 3291 923 3351 furentis

69 3375 230 3457 Bebryciae
256 3378 442 3457 spernendus
466 3377 526 3440 adi:
550 3398 603 3440 seu
627 3379 730 3440 fraude
753 3381 862 3458 petiuit

71 3484 124 3526 seu
148 3468 216 3544 quis
238 3466 352 3527 honore
375 3487 472 3552 meos,
496 3487 549 3529 sua
573 3469 688 3530 reddita
711 3468 787 3528 dona
812 3468 965 3546 deumque

70 3571 127 3615 nos
147 3573 243 3634 genus
266 3563 355 3638 atque
380 3565 477 3622 ratem
499 3577 628 3643 magnae
651 3576 783 3622 sensere
797 3555 984 3616 hisnem„
1019 3632 1023 3643 Ι

850 3666 865 3709 ·,
877 3648 920 3704 ur
1052 3642 1142 3744 '5333
