2384 3878
109 190 171 254 158
450 190 479 245 O.
498 189 637 244 VALERI
653 189 784 244 FLAOCI

108 341 185 418 linge
208 347 288 400 rates
312 339 383 399 alias
406 348 436 399 et
459 339 555 399 adhuc
578 340 689 400 maiora
712 341 792 399 coire

108 430 237 509 agmina3
260 427 340 488 nulla
362 424 458 488 tides?
481 427 571 488 nullis
594 445 649 507 ego
672 429 759 507 digna
781 423 927 507 periclis?
1067 439 1118 490 tao

108 535 168 577 non
191 519 288 577 merui
310 524 497 595 mortemque
520 524 602 577 tuam
625 518 825 597 comitumque
848 512 996 578 tuorum?

108 606 217 666 uellem
240 606 378 685 equidem
401 607 497 667 nostri
519 607 688 684 tetigissent
706 606 793 667 litora
815 608 910 685 patris

107 704 138 754 te
162 697 226 755 sine
250 695 368 774 duxque
392 693 450 755 illis
472 694 549 756 alius
573 697 754 774 quicumque
777 695 892 756 luisset.
1158 748 1160 753 .

109 801 188 843 nunc
211 792 358 865 remeant,
381 801 488 862 meque
511 800 582 845 ecce
606 776 734 867 (netas),
756 801 803 844 me
827 783 955 844 reddere
983 791 1121 865 poscunt3

109 889 165 932 nec
188 891 257 952 spes
280 872 339 933 ulla
362 891 461 952 super.
505 876 578 953 quin
601 880 634 933 tu
657 891 722 934 mea
745 875 862 953 respice
885 873 990 934 saltem
1070 882 1120 934 486

109 961 232 1021 consilia
260 970 290 1023 et
313 964 404 1022 nimio
428 964 627 1024 comitumue
651 961 723 1022 cede
747 964 856 1023 timori.

110 1049 235 1110 credidit
258 1051 398 1111 ardentes
421 1053 489 1129 quis
511 1059 541 1113 te
564 1059 637 1112 tunc
660 1053 784 1130 iungere
807 1058 910 1112 tauros

108 1135 219 1217 posse?
241 1141 309 1218 quis
332 1139 368 1200 ad
392 1141 474 1200 saeui
497 1148 661 1202 uenturum
683 1139 792 1219 templa
815 1135 978 1203 draconis?

109 1245 127 1284 o
150 1230 263 1298 utinam
286 1245 357 1307 ergo
381 1246 467 1289 meus
489 1247 544 1308 pro
567 1237 597 1289 te
620 1247 681 1289 non
704 1231 803 1289 omnia
825 1235 928 1308 posset

108 1313 203 1393 adque
218 1315 328 1395 aliquid
343 1316 493 1378 dubitaret
507 1315 602 1378 amor!
617 1320 689 1396 quin
703 1336 784 1378 nunc
799 1335 918 1397 quoque
933 1334 1044 1396 quaere
1066 1329 1119 1380 440

108 1403 178 1485 quid
201 1404 312 1466 iubeas.
358 1405 417 1466 heu
441 1404 516 1467 dure
540 1401 632 1467 siles?
653 1401 853 1487 magnumque
875 1408 1007 1467 minatur
1064 1417 1116 1467 cto

109 1495 209 1554 nescio
233 1494 304 1573 quid
328 1502 397 1555 tuus
420 1497 477 1556 lste
500 1490 620 1574 pudor?
642 1514 737 1577 mene,
761 1497 871 1575 optime
896 1494 1046 1573 quondam
1068 1506 1118 1554 441

109 1579 268 1665 Aesonide,
292 1601 339 1643 me
358 1583 438 1643 serre
460 1602 566 1663 preces
590 1591 620 1644 et
644 1584 786 1664 supplicis
808 1602 861 1644 ora

108 1669 152 1730 las
176 1667 261 1732 erat?
282 1670 361 1732 haud
384 1670 441 1732 hoc
460 1688 540 1733 nunc
563 1674 680 1752 genitor
702 1681 796 1755 putat,
818 1672 895 1733 hane
918 1671 989 1734 dare
1012 1689 1123 1752 poenas

109 1759 168 1819 iam
191 1759 313 1821 sceleris
335 1759 547 1840 dominumque
570 1756 652 1842 pati’.
676 1765 719 1823 sic
742 1762 800 1823 lata
822 1769 977 1841 parantem

109 1848 235 1910 reddere
259 1850 337 1910 dicta
359 1852 459 1910 uirum
482 1851 590 1912 furiata
613 1858 712 1912 mente
735 1851 847 1930 refugit
1070 1860 1122 1911 445

109 1938 303 2015 uociferans.¹
332 1938 450 2017 qualem
473 1938 598 2020 Ogygias
622 1957 692 2000 cnm
713 1939 790 2001 tollit
811 1941 843 1999 in
866 1957 951 2000 arces

26 2100 29 2106 ι
109 2025 244 2087 Bacchus
267 2035 297 2087 et
319 2027 421 2088 doniis
443 2026 541 2088 inlidit
563 2028 682 2108 Thyada
705 2031 830 2110 trunciS,

109 2114 176 2176 talis
199 2123 264 2177 erat
285 2115 434 2196 talemque
457 2119 535 2196 iugis
559 2135 591 2178 se
614 2120 700 2197 uirgo
724 2116 839 2178 serebat

111 2213 217 2265 cometa
239 2223 365 2284 pauens:
389 2205 465 2285 fugit
486 2206 611 2267 infestos
634 2206 822 2267 uibrantibus
844 2205 938 2267 hastis

109 2295 288 2375 terrigenas,
311 2293 387 2374 sugit
409 2293 548 2356 ardentes
571 2298 713 2357 exterrita
735 2303 846 2357 tauros.
1071 2305 1126 2357 450

456 2426 652 2505 *³⁸*

111 2563 136 2622 si
158 2560 285 2640 Pagasas
308 2560 358 2622 uel
380 2559 512 2622 Peliacas
534 2561 604 2621 hinc
628 2560 757 2640 denique
780 2561 876 2622 nubes

111 2657 249 2711 cerneret
271 2657 302 2710 et
324 2649 435 2730 Tempe
458 2652 543 2710 tenui
565 2649 695 2712 lucentia
717 2651 813 2711 trumo:

110 2738 166 2798 hoc
190 2740 259 2799 uisu
282 2746 422 2800 contenta
444 2741 529 2799 mori.
574 2748 648 2800 tunc
670 2747 733 2800 tota
755 2738 915 2818 querellis

111 2829 243 2906 egeritur
266 2834 433 2906 questuque
457 2827 534 2909 dies,
558 2827 720 2908 eademque
743 2827 799 2889 sul)
823 2828 911 2889 astris

111 2916 172 2976 sola
195 2923 304 2997 manet,
327 2918 448 2977 maeotis
466 2915 561 2977 ueluti
583 2922 642 2976 nox
664 2916 714 2977 illa
738 2925 858 2977 sonaret

110 3003 197 3084 plena
219 3005 297 3084 lupis
321 3013 537 3085 quaterentque
560 3014 663 3068 truces
686 3007 784 3067 ieiuna
807 3005 911 3066 leones

111 3111 163 3153 ora
185 3093 234 3154 uel
257 3092 378 3154 orbatae
401 3094 555 3155 traherent
577 3097 704 3175 suspiria
727 3111 844 3157 uaccae.

457 3226 653 3306 *⁵⁸*

107 3359 246 3438 procedit
268 3377 327 3419 non
351 3362 447 3439 gentis
469 3360 578 3443 honos,
600 3379 661 3423 non
682 3363 785 3438 cloria
807 3362 913 3436 manni

96 3446 181 3507 Solis
201 3450 265 3532 ani,
290 3466 353 3510 non
376 3447 551 3512 iamneae
574 3449 665 3511 decor
687 3450 737 3511 ille
759 3452 910 3531 iuuentae,

80 3535 184 3606 dualis
208 3546 291 3625 erat,
319 3559 393 3631 cum
418 3540 557 3606 Chaonio
580 3539 860 3604 remandaremus
1076 3550 1130 3600 too
