2384 3878
130 176 172 239 14
466 173 495 229 C.
514 173 653 229 venunt
671 173 802 231 nnnccl

128 333 179 387 aut
201 334 326 406 pontum
349 341 432 384 remo
456 322 579 405 subigit,
603 322 655 383 sed
675 324 806 384 carmine
829 331 930 386 tonsas

127 417 172 476 116
195 414 295 498 docet,
319 431 434 476 summo
457 414 568 493 passim
590 430 628 471 ne
651 415 768 492 gurgite
791 421 936 492 pugnent.

128 504 218 566 donat
241 513 272 565 et
294 501 406 584 lphiclo
428 501 551 582 pelagus
574 503 777 581 iuuenumque
800 500 917 563 labores

127 593 303 674 Aesonides,
326 592 439 653 sessum
461 590 587 671 Phylace
611 609 701 669 quem
723 593 845 652 miserat
867 608 953 674 aeuo,

127 699 188 743 non
202 685 261 743 iam
275 699 400 762 operum
414 683 445 740 in
458 687 583 760 partem,
598 683 729 740 monitus
744 679 796 740 sed
810 679 907 741 tradat
921 686 956 740 ut
969 696 1056 742 acres
1092 691 1140 743 411

126 788 362 851 magnorumque
385 771 468 830 uiros
493 771 544 847 qni
566 766 704 830 laudibus
726 776 795 830 urat
817 786 951 830 auorum.

127 859 218 942 Arge,
242 868 310 921 tuae
330 858 383 920 tibi
408 875 480 919 cura
503 860 588 938 ratis,
611 867 641 918 16
664 860 781 920 moenia
805 857 925 920 doctum

127 947 256 1030 Thespia
278 947 407 1009 Palladio
432 947 502 1008 dant
525 965 663 1027 munere3
686 965 752 1008 sors
776 945 843 1028 tibi,
866 964 965 1026 nequa

125 1046 211 1121 parte
235 1037 333 1100 trahat
355 1038 478 1098 tacitum
499 1037 609 1116 puppis
632 1054 713 1096 mare
736 1037 865 1115 fissaque
883 1035 978 1098 fluctu

126 1127 176 1189 161
198 1128 264 1208 pice
288 1126 337 1187 uel
360 1125 442 1186 molli
460 1124 627 1185 conducere
650 1125 776 1186 uulnera
799 1144 875 1186 cera.

126 1216 254 1296 peruigil
276 1214 401 1276 Arcadio
425 1212 536 1293 Tiphys
559 1213 707 1294 pendebat
730 1213 766 1274 ab
790 1220 870 1275 astro

126 1302 306 1384 Hagniades,
329 1302 399 1364 lelix
422 1301 516 1363 stellis
540 1304 591 1381 qui
614 1302 755 1382 segnIbns
779 1319 867 1364 usum

127 1402 157 1454 61
179 1393 261 1455 dedit
283 1410 448 1472 aequoreos
471 1390 552 1452 caelo
577 1392 652 1453 duce
675 1392 799 1453 tendere
824 1410 940 1453 cursus.

216 1480 294 1543 Ecce
318 1500 373 1562 per
395 1480 508 1560 obliqui
530 1481 666 1561 rapidum
689 1481 854 1561 conpendia
877 1481 987 1543 montis

127 1571 233 1632 ductor
256 1589 350 1631 ouans
372 1570 526 1648 laetusque
551 1569 627 1630 dolis
650 1573 784 1649 agnoscit
806 1570 946 1632 Acastum

126 1659 300 1720 horrentem
322 1661 353 1718 in
376 1657 480 1718 iaculis
504 1666 534 1719 et
555 1676 675 1737 parmae
698 1659 765 1719 luce
789 1676 958 1722 coruscum.

125 1747 174 1808 ille
197 1747 250 1809 ubi
273 1765 304 1808 16
328 1747 442 1808 mediae
465 1765 519 1826 per
543 1755 628 1808 scuta
650 1750 793 1827 uirosque
816 1750 935 1810 carinae

125 1837 238 1920 intulit,
262 1836 378 1897 ardenti
401 1836 563 1897 Aesonides
585 1837 749 1898 retinacula
773 1838 854 1898 16116

126 1925 263 2006 abscidit3
286 1925 358 1986 haut
381 1926 466 1986 aliter
489 1926 580 1986 saltus
604 1934 777 2005 uastataque
799 1927 907 2006 pernix

125 2022 251 2076 uenator
275 2032 363 2093 quam
385 2014 480 2074 lustra
503 2014 578 2092 lugit
601 2014 780 2093 dominoque
804 2017 959 2076 timentem

125 2110 213 2182 urget
236 2120 360 2184 equum,
383 2110 501 2163 teneras
525 2101 687 2182 conplexus
709 2111 831 2183 pectore
855 2106 957 2185 tigres,

126 2209 199 2270 quas
222 2199 288 2253 astu
312 2193 411 2272 rapuit
432 2191 555 2274 pauido,
578 2192 650 2253 dum
672 2210 761 2252 saeua
783 2193 896 2254 rehctis

125 2289 221 2342 mater
242 2282 274 2341 in
298 2298 404 2341 auerso
427 2279 532 2341 catulis
555 2288 683 2343 uenatur
707 2281 828 2341 Amano.

20 2448 23 2452 Ι
125 2377 158 2430 11
181 2371 295 2449 pariter
317 2368 458 2449 propulsa
480 2371 568 2450 ratis,
594 2377 672 2430 stant
695 2369 783 2431 litore
806 2377 916 2432 matres

125 2455 263 2536 claraque
286 2456 353 2517 uela
375 2457 470 2517 oculis
492 2475 693 2537 percussaque
718 2458 780 2519 sole
803 2466 947 2520 secuntur
1087 2468 1139 2522 111

125 2554 210 2608 16111
233 2548 348 2628 uirum,
372 2546 466 2607 donec
488 2548 547 2606 iam
570 2547 677 2617 celsior
700 2546 806 2609 arbore
829 2555 939 2627 pontus

124 2636 336 2714 inmensusque
360 2642 455 2697 ratem
478 2635 684 2715 spectantibus
707 2635 829 2698 abstulit
852 2655 910 2698 aer.

217 2724 340 2787 Siderea
362 2731 435 2785 tunc
459 2743 527 2785 arce
549 2734 634 2805 pater
656 2725 856 2805 pulcherrima
880 2724 1002 2787 Graium

125 2820 229 2892 coepta
252 2821 340 2873 tuens
363 2819 534 2892 tantamque
558 2816 658 2893 operis
681 2832 864 2894 consurgere
888 2813 997 2876 molem

123 2901 262 2982 laetatum
284 2902 373 2980 patrii
396 2919 494 2980 neque
517 2904 597 2962 enim
619 2901 726 2982 probat
749 2906 808 2964 otia
831 2904 924 2982 regni.
1084 2914 1136 2967 500

124 3007 308 3053 unaomnes
331 2990 461 3069 gaudent
484 2992 585 3070 superi
607 2998 795 3071 uenturaque
818 2991 901 3072 Enyo

122 3086 257 3157 tempora
280 3096 415 3157 quaeque
438 3081 502 3140 uias
526 3088 654 3143 cernunt
677 3080 734 3142 sibi
757 3099 894 3142 crescere
917 3081 1038 3144 Parcae.

124 3166 176 3229 sed
201 3184 261 3228 non
285 3176 315 3228 61
338 3167 469 3248 Scythici
492 3171 612 3248 genitor
636 3169 806 3230 discrimine
830 3172 892 3231 nati

122 3256 289 3336 intrepidus
313 3256 386 3317 11161
410 3257 508 3319 fundit
531 3257 582 3317 Sol
604 3266 727 3336 pectore
749 3277 856 3320 uoces:

123 3339 249 3406 ‘summe
273 3352 367 3427 sator,
390 3348 439 3407 cui
461 3354 564 3407 nostra
587 3346 650 3408 dies
674 3347 866 3410 uoluentibns
889 3349 975 3410 annis
1083 3357 1137 3411 1111

120 3441 167 3495 161
187 3436 304 3515 peragit
326 3435 482 3514 reficitque
505 3437 602 3518 uices,
624 3444 713 3498 tuane
737 3439 795 3498 ista
817 3433 979 3500 uoluntas?
1148 3432 1155 3447 '

111 3520 266 3602 Graiaque
285 3540 369 3586 nunc
393 3523 481 3586 undis
505 3525 581 3588 duce
605 3533 634 3587 te
658 3534 793 3606 nutuque
818 3526 949 3588 secundo
