2384 3878
150 222 268 277 XXXVI
552 216 761 273 PRAEFATIO

243 374 306 431 scs
330 375 405 432 uras
427 369 546 446 sii-ipsi:
569 373 653 429 aas
675 368 712 427 v.

242 463 304 520 599
330 451 485 518 ‘moreest'
509 459 626 534 malim,
649 476 717 517 cnm
741 449 881 516 ‘moraes'
906 456 945 515 sit
966 456 1001 514 in
1018 456 1056 514 V.

243 551 306 608 613
335 550 410 608 orsis
434 548 553 622 scripsi:
582 564 672 606 cusos
699 545 727 601 V
749 546 859 619 inepte.
892 544 965 620 qnid
989 543 1072 607 enim,
1092 544 1169 619 peri-

153 639 215 697 culi
237 637 331 697 subiit
353 636 470 712 Tiphys
494 635 589 695 socios
612 633 721 693 uerbis
738 632 916 708 increpans?
940 626 1033 692 ‘orsa'
1055 652 1112 707 pro
1135 651 1170 692 eo

56 794 59 798 Δ
153 727 233 802 quod
256 729 302 784 est
326 717 442 784 uerba’
461 725 533 799 poni
555 723 606 782 uel
628 723 731 799 pueris
753 725 859 781 notum
883 725 937 780 est

243 816 307 873 622
331 814 401 873 baec
423 817 484 872 torn
507 812 627 888 scripsi:
649 813 756 871 clodum
779 811 814 869 V.

244 904 307 961 628
332 903 487 961 dicacis
487 901 724 960 tzBurmannus
747 901 861 959 morat
850 904 908 958 tet
929 898 965 957 V.
999 899 1035 956 de
1058 873 1172 958 formu·

153 994 253 1051 larum
280 984 369 1050 dixit
397 983 449 1066 et',
477 983 565 1051 dixit
592 983 636 1049 αι’
666 989 867 1067 similiumque
895 987 1067 1047 discrimine
1096 987 1171 1046 alias

154 1080 303 1155 copiosius
328 1097 426 1155 agani
450 1109 494 1118 —
518 1082 611 1137 aecta
634 1077 754 1153 scripsi:
782 1078 859 1149 freta
881 1076 909 1134 V
932 1075 1071 1136 absurde.
1113 1093 1173 1135 nou

155 1169 257 1228 obstat
289 1169 392 1226 autem
424 1166 626 1225 emendationi
656 1168 779 1225 nostrae
811 1165 891 1241 quod
922 1167 1030 1241 quarto
1064 1165 1173 1223 abhinc

153 1275 246 1315 uersu
271 1257 383 1314 iterum
414 1247 529 1330 ‘erigit'
557 1253 679 1330 legitur.
729 1254 807 1313 hanc
840 1255 918 1313 enim
951 1256 1066 1312 certam
1092 1254 1173 1330 apud

155 1346 261 1420 poetas
284 1343 396 1403 latinos
418 1344 557 1419 regulam
583 1344 726 1418 inueniri,
754 1345 789 1401 ut
815 1344 906 1401 tertio
934 1361 1052 1419 quoque
1081 1361 1173 1401 uersu

132 1433 234 1511 ,idem
255 1432 437 1491 uocabulum
457 1435 526 1491 tuto
551 1432 642 1490 liceat
664 1436 809 1507 repetere,
832 1430 905 1489 alibi
928 1430 1106 1506 significari.
1130 1461 1173 1471 —

154 1525 288 1580 ceterum
319 1520 352 1578 id
379 1521 459 1595 quod
491 1523 538 1579 cst
565 1513 697 1579 ‘studiis'
725 1539 786 1578 non
817 1523 897 1579 recte
926 1520 963 1579 de
989 1519 1172 1579 factionibus

154 1610 337 1669 intellexere.

246 1699 309 1757 636
333 1699 366 1757 id
387 1699 488 1773 iurato
510 1695 629 1772 scripsi:
653 1699 753 1771 duroto
774 1695 811 1753 V.
833 1696 919 1755 illam
936 1697 1062 1756 uoculae
1088 1689 1173 1759 ‘ism’

154 1786 347 1845 iterationem
369 1785 459 1844 ualde
483 1786 604 1844 adamat
628 1787 719 1860 poete
740 1788 852 1844 noster.

246 1876 309 1933 642
333 1876 411 1948 ferat
434 1874 553 1950 scripsi:
574 1891 691 1948 pemeus
713 1873 740 1930 V
764 1892 800 1931 ex
823 1873 927 1949 glossa
954 1865 1046 1954 (quae
1069 1873 1172 1950 genui-

154 1982 226 2020 nam
257 1962 416 2021 lectionem
449 1954 586 2042 expulit),
619 1981 688 2020 cum
713 1962 857 2023 librarius
888 1962 966 2020 illud
1000 1955 1065 2022 ‘scd
1093 1963 1173 2022 socio

155 2044 354 2126 quocumque'
377 2050 471 2114 nimia
492 2050 645 2110 breuitate
668 2050 782 2109 dictum
803 2052 935 2125 putaret.

247 2140 309 2197 646
334 2140 497 2213 potiorcbus
523 2140 572 2198 cie
603 2140 747 2198 ἀειενιοια
776 2141 886 2213 foueas.
933 2139 1102 2199 rectissimo
1130 2141 1172 2198 iu-

156 2227 234 2286 dicio
261 2228 339 2285 hunc
365 2227 512 2287 librorum
545 2228 726 2303 scripturam
756 2228 789 2286 in
821 2228 1020 2303 suspicionem
1051 2229 1173 2288 uocauit

156 2315 422 2391 Eyssenhardtius.
467 2334 538 2374 nam
561 2316 648 2376 Thilo
673 2335 740 2375 cum
755 2309 947 2391 ‘potioribus'
969 2335 1024 2392 pro
1040 2317 1173 2377 ublatiuc

156 2422 246 2478 quem
268 2404 460 2479 grammatici
490 2407 601 2464 nocent
624 2405 857 2479 comparationis
882 2408 1028 2481 sumeret,
1061 2406 1173 2465 oblitus

156 2495 204 2550 est
226 2492 308 2550 nullo
331 2492 419 2551 modo
442 2495 510 2550 tum
532 2512 634 2551 carere
658 2511 712 2552 nos
735 2512 824 2568 posse
847 2494 950 2554 addito
973 2493 1026 2553 illo
1046 2487 1173 2571 ‘quam'3

157 2580 237 2657 quod
259 2580 353 2640 habes
377 2599 411 2640 eo
435 2600 524 2657 quem
546 2582 598 2639 ille
621 2582 748 2640 contulit
770 2582 836 2641 loco
861 2579 934 2656 [VII
961 2578 1054 2658 428];
1083 2584 1120 2641 cf.
1144 2586 1174 2642 et

157 2669 285 2745 Reisigii
312 2670 454 2744 praelect
501 2667 521 2744 ἓ
551 2672 617 2733 22ἱ
642 2669 744 2746 ibique
771 2669 912 2730 Hessius.
957 2671 1061 2746 itaque
1090 2691 1173 2730 ersm

157 2776 233 2833 cum,
255 2759 291 2815 ut
313 2776 499 2834 quocumque
522 2758 610 2817 modo
633 2758 779 2817 traditam
800 2758 961 2818 lectionem
967 2758 1173 2841 defenderem,

158 2839 351 2921 potioribus'
371 2845 462 2905 dandi
475 2864 556 2921 casu,
571 2865 661 2921 qucm
673 2851 783 2906 uocant
770 2836 977 2907 tincommodi
999 2839 1174 2928 (=oontrs

155 2926 319 3014 potiores),
347 2935 480 3009 positum
505 2937 654 3009 putarem.
700 2934 780 3011 quod
802 2953 893 3010 quam
915 2955 1024 3012 parum
1045 2937 1174 2996 feliciter

157 3022 367 3098 excogitarim,
405 3040 474 3080 mcx
509 3023 658 3099 perspexi.
703 3041 774 3082 nam
805 3021 932 3083 fouendi
961 3025 1102 3103 uerbum,
1137 3028 1173 3085 ut

158 3109 222 3169 eius
249 3111 311 3168 fert
338 3113 461 3187 natura,
489 3128 549 3170 non
576 3114 678 3186 potest
707 3113 794 3188 iungi
822 3132 890 3172 cum
917 3112 1020 3174 dutiuo
1048 3114 1108 3175 nisi
1130 3115 1174 3175 ita

156 3201 192 3256 ut
215 3199 329 3274 aliquid
351 3198 383 3256 in
407 3199 534 3259 alicuius
554 3201 687 3276 gratiam
708 3201 806 3260 foueri
829 3201 1024 3278 significetur.
1061 3205 1173 3280 itaque,

158 3306 227 3346 cum
262 3288 484 3364 Eyssenhardti
519 3289 677 3348 inuentum
714 3283 825 3366 ‘potior
867 3284 989 3367 quibue'
1026 3293 1106 3351 male
1142 3309 1174 3352 se

158 3374 277 3451 habeat,
302 3376 365 3435 sine
389 3377 578 3436 cunctatione
601 3379 723 3454 reposui
747 3372 813 3455 ‘pro
836 3373 990 3439 moribns'.

248 3466 311 3523 664
329 3483 395 3538 poc
417 3466 574 3525 Heinsius:
598 3468 652 3541 fan
674 3466 711 3525 V.

237 3554 305 3610 670
331 3559 364 3612 et
386 3572 438 3627 epo
472 3549 502 3616 ει
530 3572 710 3631 ᾳιιοιιιιιιιιε
739 3571 823 3614 uoces
849 3573 908 3629 quc
936 3560 1063 3631 ιιιιιιιια
1095 3560 1173 3631 ferro
