2384 3878
334 198 627 258 ARGONAUTIOON
644 203 755 260 LIBER
771 204 819 260 IV.

66 356 98 410 et
120 347 225 429 trabit5
247 349 417 428 insequitur
439 349 587 412 flammata
608 354 722 432 pudore
745 356 896 417 iuuentus.

65 436 147 501 unda
168 435 337 499 laborantes
360 455 504 519 praeceps
526 448 605 502 rotat
628 460 662 503 ac
685 443 754 522 luga
776 447 861 522 ponti

66 526 169 608 obuia3
191 528 356 604 miscentur
379 546 485 611 rupes,
508 531 625 609 iamque
648 550 779 612 aequore
801 540 865 594 toto

67 614 199 697 Cyaneae
221 618 291 695 iuga
312 618 491 696 praecipites
513 619 600 679 inlisa
623 622 789 682 remittunt

66 703 112 765 bis
135 704 235 784 lragor
257 705 381 766 infestas
405 713 506 767 cautes
529 707 714 787 aduersaque
738 713 816 771 saxis

66 812 135 854 saxa
157 792 252 875 dedit,
274 793 390 854 llamma
413 813 553 874 expresso
577 795 623 857 bis
646 797 729 859 fulsit
751 801 783 859 in
805 799 902 860 imbri.

65 884 144 944 sicut
166 881 330 943 multifidus
352 885 490 962 ruptis'e
514 884 644 946 nubibus
667 886 775 946 hcrror

66 972 170 1052 effugit
193 978 223 1033 et
241 970 381 1032 tenebras
399 971 576 1052 nimbosque
599 976 769 1036 intermicat
791 977 868 1054 ignis

66 1060 249 1140 terrificique
272 1068 365 1121 ruunt
388 1063 519 1124 tonitrus
543 1062 673 1142 elisaque
697 1072 815 1126 noctem

64 1148 116 1211 lux
138 1148 264 1232 dirimit,
287 1167 381 1228 pauor
404 1169 457 1211 ora
479 1153 592 1233 uirum,
615 1170 709 1232 pauor
733 1163 860 1233 occupat
882 1161 978 1216 artus:

64 1237 143 1299 houd
166 1255 254 1299 secus
276 1238 412 1319 impleuit
433 1247 559 1319 pontum
582 1241 695 1323 lrag0r3
718 1242 814 1303 effluit
836 1242 933 1303 imber

64 1345 207 1408 spumeus
230 1336 260 1388 et
282 1344 389 1406 magno
411 1347 542 1408 puppem
564 1330 669 1409 procul
693 1349 821 1410 aequore
845 1334 946 1393 uestit.

75 1453 81 1460 -
109 1415 274 1477 Aduertere
298 1416 346 1477 dei
369 1415 523 1496 defixaque
547 1416 658 1479 lumina
680 1427 782 1501 ponto,

64 1504 135 1584 quid
159 1504 290 1584 scopulis
311 1505 467 1585 praeclusa
489 1508 575 1588 ratis,
599 1507 670 1586 quid
693 1507 768 1569 dura
790 1510 932 1569 iuuentus

65 1592 212 1675 expediat3
235 1595 333 1655 feruet
355 1597 469 1674 magnis
493 1596 578 1658 fauor
601 1604 686 1658 ortus
710 1597 746 1658 ab
770 1599 859 1658 ausis

62 1685 158 1763 prima
181 1685 352 1744 coruscanti
375 1686 492 1763 signum
515 1683 597 1746 dedit
620 1685 721 1765 aegide
745 1688 831 1766 uirgo

62 1771 235 1833 fulmineam
256 1771 381 1833 iaculata
403 1772 507 1833 lacem.
553 1773 676 1834 uixdum
699 1775 791 1835 ardua
814 1780 916 1834 cautes

64 1868 207 1942 cesserat,
229 1860 280 1921 illa
301 1860 406 1921 uolans
430 1862 513 1921 tenui
535 1880 590 1941 per
613 1864 729 1922 concita
753 1879 821 1922 saxa

62 1947 129 2011 lnce
153 1950 242 2030 lugit3
265 1949 382 2009 rediere
406 1951 481 2011 uiris
505 1951 654 2029 animique
678 1968 852 2032 manusque,

62 2046 96 2100 ut
118 2037 222 2099 uidere
246 2040 333 2099 uiam.
380 2034 516 2120 sequor,
538 2058 555 2099 o
580 2041 761 2120 quicumque
784 2033 921 2100 deorum'

63 2125 224 2188 Aesonides
248 2121 330 2188 ‘ciet'
352 2126 429 2189 altus
452 2130 505 2210 ait,
527 2146 730 2208 praecepsque
754 2129 887 2206 fragores

62 2234 116 2295 per
138 2215 252 2276 medios
275 2218 336 2277 ruit
359 2224 390 2276 et
411 2217 493 2277 sumo
507 2234 549 2277 se
573 2215 705 2278 condidit
727 2223 800 2277 atro.

62 2312 202 2385 coeperat
224 2303 293 2366 hinc
317 2304 427 2366 cedens
450 2305 587 2366 abductis
610 2303 761 2366 montibus
784 2304 864 2365 unda

62 2394 142 2455 ferre
165 2400 261 2454 ratem
283 2393 446 2474 pelagoque
470 2394 534 2456 dies
557 2413 717 2456 occurrere
742 2401 853 2473 aperto.

62 2481 114 2543 sed
137 2499 235 2561 neque
259 2485 412 2563 permissis
434 2485 493 2545 iarn
515 2482 642 2545 fundere
664 2491 765 2544 rector
787 2481 911 2543 habenis

61 2570 141 2652 uela,
164 2589 220 2631 nec
244 2573 316 2632 eniti
339 2574 429 2631 remis
452 2581 535 2651 pote:
559 2590 627 2632 cum
650 2589 741 2650 super
765 2570 873 2631 adsunt
1024 2582 1076 2632 680

63 2658 208 2738 Cyaneae:
230 2661 341 2738 premit
362 2659 442 2720 unda
465 2667 560 2719 ratem
583 2659 757 2738 scopulique
782 2659 922 2719 lerimtnr

61 2749 236 2808 comminus.
282 2748 330 2810 hic
352 2748 426 2808 luno
448 2765 651 2827 praecepsque
675 2766 712 2807 ex
735 2745 855 2808 aethere
878 2745 973 2808 Pallas
1015 2758 1018 2763 '

60 2837 196 2898 insiliunt
217 2838 330 2917 pariter
353 2836 504 2917 scopulos:
527 2836 608 2899 hunc
632 2844 699 2897 nata
722 2843 850 2917 coercet,

60 2924 142 2987 hunc
166 2927 295 2986 coniunx
317 2925 411 3007 louis;
434 2933 468 2986 ut
490 2926 589 2986 ualido
614 2928 665 3005 qui
688 2925 797 2986 robore
821 2933 923 2986 tataros
1181 2974 1184 2981 .

60 3014 116 3075 sub
139 3017 208 3094 iuga
230 3023 261 3076 et
282 3017 377 3076 inuito
396 3015 556 3093 detorquet
577 3018 609 3075 in
632 3015 681 3074 ilia
705 3032 807 3075 cornu.
1022 3023 1074 3075 685

58 3102 142 3186 inde,
165 3103 250 3164 uelut
271 3106 377 3165 mixtas
400 3102 559 3164 Vulcanius
583 3102 672 3163 ardor
695 3101 797 3162 ahenis
1177 3098 1182 3105 ’

59 3199 163 3254 uerset
185 3210 289 3274 aquas,
311 3194 354 3253 sic
377 3194 435 3252 ima
458 3193 602 3275 fremunt,
624 3190 778 3270 fluctuque
802 3197 904 3251 coacto

59 3283 177 3361 angitur
200 3289 231 3342 et
253 3280 387 3343 clausum
410 3281 547 3361 scopulos
571 3299 662 3362 super
685 3280 780 3342 effluit
803 3297 922 3359 aequor.
957 3324 959 3337 .

58 3377 164 3431 contra
186 3387 289 3430 omnes
312 3370 419 3431 ualidis
442 3373 525 3432 tenui
548 3368 719 3432 discrimine
742 3371 833 3430 remis

57 3476 183 3539 pergere
206 3461 265 3519 iter
287 3461 459 3540 mediosque
483 3466 578 3521 ratem
601 3461 764 3521 transferre
788 3475 843 3539 per
865 3459 962 3540 ictus,
1021 3468 1074 3518 aaa

58 3564 127 3608 saxa
149 3547 202 3608 sed
227 3550 367 3611 extremis
391 3557 494 3615 tamen
515 3551 704 3634 increpuere
726 3545 900 3630 comminus,

860 3643 901 3700 Q*
