2384 3878
83 158 125 223 12
422 155 452 212 C.
470 154 608 211 VALEEI
626 153 758 212 nuncet

82 307 186 389 pandit
208 315 239 368 et
261 306 293 368 in
317 306 435 368 dulcem
457 323 544 385 reges
568 304 690 365 dimittit
712 302 882 383 Hymetton.

82 397 251 476 insequeris
275 413 422 481 casusque
445 402 514 456 tuos
537 412 690 476 expressa,
712 392 846 476 Phalere,

83 504 164 547 arma
187 486 280 567 geris3
302 484 403 565 patula
425 502 494 544 nam
517 482 616 563 lapsus
640 483 676 543 ab
700 481 806 543 arbore
829 497 960 562 paruum

83 582 130 637 ter
153 582 259 654 quater
282 574 398 635 ardenti
421 580 505 652 tergo
528 573 728 633 circumuenit
751 573 869 650 anguis:
1036 638 1040 645 ,

84 671 143 725 stat
164 661 271 744 procul
292 662 451 724 intendens
474 660 597 723 dubium
620 669 706 741 pater
728 661 834 722 anxius
857 676 970 722 arcum.

85 761 150 814 tum
173 751 284 813 caelata
307 759 405 812 metus
428 750 500 811 alios
523 752 600 830 gerit
623 768 704 811 arma
726 749 874 810 Eribotes.

84 859 140 902 nec
163 840 270 901 Peleus
293 841 389 902 fretus
412 842 525 901 soceris
549 847 580 900 et
602 842 728 919 coniuge
752 840 821 900 diua

85 930 193 1012 deluit,
216 949 251 990 ac
272 948 363 1010 prora
382 929 518 1010 splendet
539 937 591 991 tua
614 930 715 1009 cuspis
738 926 774 988 ab
798 927 866 1011 alta,
917 982 921 987 .

85 1019 224 1081 Aeacide:
248 1027 364 1080 tantum
386 1018 460 1079 haec
483 1017 548 1078 aliis
571 1017 716 1078 excelsior
739 1016 842 1099 hastis,

86 1116 230 1186 quantum
252 1107 384 1168 Peliacas
406 1109 438 1167 in
461 1108 575 1167 uertice
599 1109 713 1168 uicerat
736 1123 834 1166 ornos.

84 1195 194 1276 linquit
216 1204 246 1256 et
268 1195 423 1256 Actorides
446 1202 550 1257 natum
573 1193 710 1255 Chironis
733 1197 764 1255 in
788 1201 884 1276 antro,

85 1292 119 1345 ut
143 1286 242 1345 socius
265 1302 334 1345 caro
358 1285 471 1363 pariter
493 1283 654 1344 meditetur
676 1283 782 1344 Achilli

85 1372 135 1433 iila
157 1374 237 1453 lyrae
256 1375 428 1452 pariterque
451 1374 534 1434 leues
553 1391 629 1452 puer
648 1375 752 1434 incitet
774 1372 883 1454 hastas,

87 1462 181 1523 discat
204 1480 297 1540 eques
320 1461 427 1541 placidi
451 1462 652 1522 conscendere
676 1470 759 1541 terga
782 1461 926 1541 magistri.

86 1558 117 1610 et
141 1569 230 1629 quem
253 1551 330 1610 lama
353 1568 447 1629 genus
470 1568 530 1610 non
554 1558 600 1610 est
623 1551 747 1630 decepta
766 1548 858 1629 Lyaei

87 1638 185 1699 Phlias
209 1641 351 1699 inmissus
374 1641 487 1718 patrios
511 1637 547 1697 de
570 1641 684 1699 uertice
709 1641 816 1699 crines

86 1745 142 1788 uec
165 1729 250 1788 timet
273 1727 424 1788 Ancaeum
446 1729 582 1806 genetrix
605 1730 790 1789 committere
813 1736 916 1810 ponto,

85 1815 172 1897 plena
195 1816 263 1877 tulit
287 1835 377 1895 quem
395 1834 466 1896 rege
489 1818 588 1877 maris
635 1835 760 1878 securus
783 1818 815 1877 iu
833 1833 946 1896 aequor

86 1904 158 1966 haut
181 1908 280 1965 minus
303 1905 446 1986 Erginus,
469 1903 568 1984 proles
591 1905 753 1987 Neptunia,
776 1906 882 1987 lertur,

87 1995 138 2072 qui
157 1996 247 2054 maris
270 1993 407 2075 insidias,
428 1994 524 2054 clarae
549 1997 600 2071 qni
623 1995 720 2055 sidera
743 1998 841 2056 noctis

86 2084 167 2142 norit
191 2089 221 2143 et
244 2100 260 2142 e
285 2081 394 2143 clausis
417 2100 507 2161 quem
531 2080 660 2144 destinet
682 2082 791 2144 Aeolus
815 2084 934 2167 austris,
995 2076 999 2087 ’

87 2189 147 2232 non
171 2179 283 2232 metuat
306 2174 355 2232 cui
378 2174 579 2253 regnaretis,
603 2174 652 2233 oui
674 2173 794 2234 tradere
818 2171 933 2234 caelum

87 2259 209 2321 adsidua
228 2258 339 2339 Tiphys
362 2260 479 2322 nultum
501 2262 627 2322 lassatus
650 2260 686 2322 ab
709 2261 808 2322 Arcto.

86 2354 191 2408 taurea
214 2347 355 2409 uulnilico
378 2357 478 2429 portat
501 2351 671 2429 caelataque
694 2350 816 2430 plumbo

87 2443 172 2516 terga
190 2435 303 2518 Lacon,
327 2436 431 2498 saltem
453 2439 484 2497 in
503 2457 615 2500 tracuus
639 2447 672 2500 ut
694 2438 816 2500 brachia
837 2447 946 2500 uentos

87 2533 207 2605 spargat
229 2534 260 2587 et
283 2525 439 2587 Oebalium
461 2526 601 2607 Pagaseia
623 2531 732 2608 puppis
755 2528 908 2590 alumnum
936 2567 939 2571 ι

88 2608 203 2694 spe‘ctet
225 2634 331 2677 securo
356 2614 556 2677 celebrantem
578 2616 666 2677 litora
683 2616 762 2678 ludo.

87 2721 198 2783 oraque
222 2703 391 2765 Thessalico
415 2705 520 2765 melior
543 2706 727 2767 contundere
750 2706 835 2766 lreno

87 2799 240 2853 uectorem
264 2792 388 2871 pauidae
413 2793 517 2854 Castor
540 2795 612 2877 dum
635 2802 794 2874 quaereret
815 2792 924 2877 Helles,
1050 2805 1102 2857 42⁶

86 2899 192 2960 passus
216 2880 369 2961 Amyclaea
391 2883 587 2961 pinguescere
612 2882 747 2962 Cyllaron
770 2883 870 2945 herba.

86 2969 144 3030 illis
167 2969 312 3030 Taenario
335 2972 448 3050 pariter
470 2973 572 3032 tremit
594 2974 680 3051 ignea
703 2972 772 3033 luco

86 3076 235 3140 purpura,
258 3059 338 3138 quod
361 3061 479 3139 gemina
501 3068 596 3121 mater
620 3060 779 3141 spectabile
804 3060 862 3124 tela

87 3145 171 3207 duxit
194 3166 283 3228 opus3
306 3146 352 3208 bis
376 3146 528 3228 Taygeton
551 3148 700 3229 siluasque
724 3157 876 3212 comantes

88 3243 251 3318 struxerat,
273 3235 406 3299 Eurotan
429 3237 510 3300 molli
532 3237 578 3298 bis
602 3239 720 3300 fuderat
742 3257 829 3321 auro;

87 3342 236 3404 quemque
260 3343 332 3387 suus
357 3329 477 3407 sonipes
499 3328 588 3388 niueo
612 3327 649 3389 de
672 3331 798 3390 stamine
820 3335 920 3409 portat
1020 3356 1026 3365 =

87 3421 117 3476 et
140 3412 221 3475 uolat
243 3413 398 3477 amborum
420 3417 534 3496 patrius
558 3416 593 3478 de
616 3425 738 3497 pectore
762 3436 883 3497 cycnus.

84 3512 115 3562 at
139 3501 192 3563 tibi
217 3503 355 3565 collectas
378 3504 469 3577 soluit
490 3506 549 3567 iam
567 3505 657 3567 fibula
679 3514 781 3568 uestes
