2384 3878
147 190 265 246 XXVIII
548 191 758 247 PRAEFATIO

163 336 165 343 '
237 343 300 400 219
330 345 429 401 curtas
456 340 576 416 scripsi:
608 346 704 401 noctes
730 341 767 400 V.
814 335 927 400 ‘uoces’
958 342 1177 404 Marklandus.

237 431 302 488 220
325 433 409 490 ortas
430 429 609 506 Meynchius
632 429 663 488 Π
687 431 765 507 363:
789 432 888 490 actus
908 430 946 488 V.
1009 471 1012 478 -

236 519 299 576 221
316 536 380 594 sqq.
397 535 475 593 pars
488 523 522 576 ut
543 523 627 578 aaut
645 519 770 592 dopsbas
791 521 916 592 utcmque
938 537 1067 593 soporos,
1084 537 1170 593 pors-

147 607 278 680 ccafcrrc
311 623 418 666 mances
450 609 537 666 etium
572 610 742 682 menteque
771 612 900 681 paratae
940 626 1005 667 eum
1035 609 1174 682 foebus,

147 695 290 768 quosdam
310 697 456 754 iosonmes
488 700 514 754 ct
541 700 643 757 cuncto
670 700 786 756 1161111.
835 714 896 755 non
927 699 1010 755 extat
1039 697 1072 754 in
1097 700 1163 756 toto

146 782 263 841 Valerii
295 783 426 842 carmine
457 783 541 843 locus
572 785 690 844 foedius
718 788 887 860 corruptus.
937 802 1008 842 nam
1036 803 1163 859 prorsus

147 871 250 946 inepte
272 871 323 930 hio
344 872 473 930 feminae
495 872 576 931 faces
600 874 733 948 gessisse
755 876 931 948 narrantur,
959 873 1070 950 quippe
1098 874 1165 951 qui-

146 959 204 1018 bus
228 977 315 1020 enses
338 978 357 1018 a
379 959 497 1020 Venere
521 960 608 1021 datos
631 980 699 1022 esse
722 980 738 1020 e
761 982 790 1020 u.
814 962 878 1021 215
903 962 1040 1020 sciamus.
1077 981 1163 1036 prae-

146 1051 232 1107 terea
264 1066 317 1106 cnr
351 1048 433 1108 faces
464 1049 536 1108 illae
573 1050 700 1108 audiunt
738 1043 911 1126 ‘magnae'?
948 1049 1020 1125 quid
1055 1051 1165 1109 uocata

148 1129 264 1195 ‘etiam’
294 1137 354 1195 sibi
384 1137 473 1196 uult?
505 1138 558 1197 sed
589 1142 624 1197 ut
655 1139 730 1197 haec
761 1153 943 1214 quamquam
974 1138 1166 1197 intoleranda

147 1224 299 1300 patienter
335 1226 481 1302 feramus,
513 1227 603 1301 plane
635 1222 770 1285 abundat
805 1226 882 1284 illud
918 1219 1096 1302 ‘quosdam'‚
1133 1228 1165 1285 id

147 1312 228 1390 quod
250 1313 300 1371 nel
323 1312 411 1373 Thilo
435 1315 561 1391 agnouit
585 1311 692 1390 [praef.
714 1335 744 1390 p.
766 1312 919 1389 XXXIV}
963 1314 1040 1372 nihil
1062 1320 1166 1375 autem

148 1401 187 1460 ad
222 1402 420 1462 remouendas
456 1403 512 1462 has
549 1403 743 1462 difficultates
779 1403 969 1478 proficiemus
1009 1404 1164 1463 litterulas

147 1490 301 1549 mutando.
346 1509 417 1549 nam
446 1492 472 1550 si
498 1491 658 1551 Heinsium
688 1494 719 1550 61
745 1491 823 1550 Phil.
851 1490 1039 1567 Wagnernm
1068 1490 1163 1569 [Hp.

148 1575 228 1653 395]
261 1578 357 1638 secuti
394 1579 601 1654 scripserimus
635 1573 791 1654 ‘paratos’‚
827 1580 1007 1654 prauissime
1044 1581 1069 1638 61
1113 1582 1165 1657 qui

130 1664 255 1725 ‘manus
278 1667 414 1726 conferre
437 1671 508 1726 sunt
530 1668 631 1743 parati
657 1668 886 1744 distinguuntur
916 1669 954 1726 ab
977 1669 1164 1729 insomnibus

148 1758 313 1830 cunctaque
327 1755 510 1832 uidentibus,
524 1774 593 1815 cum
605 1756 708 1831 potius
722 1757 873 1816 insomnes
893 1775 978 1815 arma
998 1758 1164 1833 empsisse

148 1843 265 1902 dicendi
279 1843 349 1902 sint.
376 1844 480 1920 itaque
504 1845 546 1904 sic
561 1864 678 1922 qnoque
694 1838 862 1921 ‘quosdam'
883 1865 942 1905 uox
964 1863 1024 1904 non
1037 1846 1164 1906 haberet

149 1931 386 2007 explicationem.
424 1932 562 2008 equidem
586 1933 748 2009 agnouisse
770 1933 845 1992 mihi
869 1953 936 1994 sum
958 1934 1043 1993 uisus
1070 1935 1161 1993 inter-

147 2018 294 2095 polatoris
332 2019 488 2080 cuiusdam
518 2039 656 2095 manum,
693 2022 758 2097 qui,
791 2040 860 2081 cum
890 2023 964 2080 haec
996 2024 1163 2098 antiquitus

146 2107 262 2166 tradita
284 2108 451 2168 inuenisset
474 2102 555 2184 ‘pars
578 2111 614 2168 ut
636 2115 723 2169 erant
737 2110 863 2187 dapibus
886 2111 1016 2186 uinoque
1040 2130 1164 2187 soporos

148 2214 220 2270 pars
243 2196 393 2257 insomnes
416 2200 447 2256 et
463 2201 569 2256 cuncta
591 2192 733 2275 tuentes',
754 2199 855 2260 locum
869 2202 973 2274 aperte
987 2199 1163 2260 lacunosum

146 2284 269 2360 proprio
293 2285 390 2344 Marte
414 2286 610 2361 suppleuerit.
655 2287 716 2346 iam
740 2288 766 2347 si
789 2287 882 2347 uerba
910 2287 965 2346 illa
991 2289 1162 2348 accuratius

146 2373 308 2450 intuemur,
330 2374 420 2433 facile
442 2373 531 2450 quale
553 2375 617 2435 fera
639 2375 806 2436 remedium
827 2376 910 2435 locus
933 2375 985 2434 1116
1009 2376 1160 2435 desideret

56 2489 67 2502 κ
146 2461 360 2538 intellegimus.
382 2480 453 2520 nam
465 2463 498 2520 in
510 2462 571 2523 11111
590 2457 673 2540 ‘pars
695 2467 731 2524 11
748 2467 836 2523 erant
849 2463 917 2539 dap.
940 2464 997 2522 uir.
1021 2459 1159 2538 soporos'

146 2550 241 2609 uerba
268 2543 315 2608 ‘ut
337 2542 435 2610 erant'
463 2551 553 2625 plane
575 2557 697 2628 praeter
722 2551 934 2612 necessitatem
956 2552 1060 2611 addita
1083 2557 1162 2612 sunt.

147 2655 224 2714 quae
247 2642 313 2698 tum
332 2638 452 2697 demum
475 2640 587 2700 hebent
609 2642 721 2716 locum,
751 2641 777 2699 si
798 2641 942 2700 restitues
967 2634 1093 2716 ‘sopori'
1117 2661 1161 2699 16-

147 2729 315 2803 queturque
342 2728 523 2787 uocabulum
549 2747 608 2806 quo
638 2730 774 2789 uirorum
799 2729 1029 2788 Lemniacorum
1061 2730 1161 2787 status

146 2814 315 2874 accuratius
343 2814 532 2876 describitur.
577 2818 646 2876 hine
672 2816 821 2891 traditum
847 2817 923 2874 illud
952 2809 1099 2889 ‘soporos'
1127 2817 1160 2874 in

146 2903 205 2963 duo
236 2903 332 2961 uerba
363 2903 564 2964 dirimendum
595 2908 651 2964 est.
697 2904 722 2962 si
753 2905 838 2979 leges
872 2897 968 2979 ε1111,
1004 2906 1040 2962 11
1071 2910 1160 2964 erant

146 2990 273 3066 dapibus
296 2992 425 3070 uinoque
448 2993 558 3070 sopori,
579 2993 712 3068 ignaros,
735 3009 807 3066 pars
824 2990 976 3051 insomnes
999 2996 1030 3052 et
1053 2998 1161 3053 cuncta

145 3072 287 3157 tuentes',
310 3083 480 3158 genuinam,
502 3082 535 3140 ni
556 3081 750 3139 uehementer
771 3079 874 3157 fallor,
897 3080 1014 3140 Valerii
1036 3099 1159 3140 manum

145 3168 324 3229 restitueris.
370 3171 422 3247 qui
448 3170 497 3229 hic
524 3186 643 3245 quoque
664 3167 820 3227 Maronem
848 3166 905 3244 [IX
929 3167 1008 3245 345]
1038 3173 1158 3230 secutus

145 3258 205 3316 est:
229 3250 469 3335 ‘Herbesumque
499 3256 582 3316 subit
595 3255 805 3334 Rhoetumque
822 3256 1006 3336 Abarimque
1029 3260 1162 3335 ignaros,

2 3426 3 3433 ἵ
118 3398 122 3410 ,
148 3345 300 3406 Rhoetum
321 3347 504 3423 uigilantem
525 3347 557 3403 et
579 3347 687 3404 cuncta
707 3341 883 3405 uidentem'.

235 3437 299 3495 233
323 3432 425 3495 aba
445 3425 602 3494 Heinsius:
626 3434 730 3494 aedicto
753 3435 789 3494 V.
813 3454 853 3495 an
876 3429 1028 3512 ‘aperta'‘?

222 3525 294 3578 236
320 3522 498 3597 adstantque
523 3525 623 3585 domos
651 3524 771 3601 scripsi:
804 3526 967 3598 adduntque
997 3525 1096 3584 eoos
1118 3522 1155 3582 V.
