2384 3878
28 184 30 187 ’
85 187 148 252 126
172 189 202 244 c.
220 187 358 243 venem
375 185 506 242 nuncet
522 183 814 242 Anconaurrecu
832 183 942 238 menn
960 183 1007 238 vr.
1043 179 1048 181 ·

82 356 139 398 rrcs
162 340 276 419 superi,
300 355 354 397 ucs
377 339 501 416 augurio
524 337 653 397 iussistis
676 330 778 396 inani?

84 427 151 505 quis
174 428 275 488 fratris
298 427 420 486 meritas
443 433 506 507 tna,
529 424 676 506 luppiter,
699 426 798 484 emina
819 440 931 502 peenas
1044 432 1095 484 ‘180

83 507 248 596 promisere
271 510 366 575 mihi?
388 513 475 575 nobis
498 513 594 593 Argoa
616 512 741 593 parabas

84 603 197 666 scilicet
220 603 327 665 auxilia
349 611 380 664 et
402 610 502 664 tantas
525 605 707 681 coniungere
732 604 821 662 uires.

84 710 174 753 saeua
196 693 318 772 quidem
339 692 415 752 lucis
438 694 556 753 miseris
578 709 675 772 mcra3
698 691 769 751 dent
792 699 905 772 tamen,
929 707 992 772 cro,

84 799 179 842 unum
200 781 284 842 illum
307 780 380 840 mihi
403 781 463 841 fata
485 781 578 863 diem,
601 799 660 860 quo
683 779 744 840 lalli
767 786 797 840 et
820 778 955 839 Achiuos

85 871 128 930 sic
150 873 274 931 meritos
297 887 417 949 quoque
439 869 519 930 hunc
542 869 661 930 uideam
682 871 795 930 uirtute
820 865 984 946 superbum
1047 878 1097 928 tet

84 958 253 1020 Aesoniden
274 966 373 1019 tantos
395 958 517 1020 flentem
539 961 603 1018 sine
626 958 739 1018 honore
764 950 899 1017 labores!

85 1046 199 1110 dixerat
221 1048 294 1109 haec
317 1056 482 1126 pectusque
507 1049 569 1108 suis
592 1045 751 1108 euerberat
774 1047 864 1106 armis

85 1142 115 1195 et
138 1135 251 1214 galeam
273 1135 359 1216 fletu,
382 1135 495 1214 galeam
518 1133 697 1214 singultibus
720 1134 836 1214 implet3

84 1223 146 1284 ibat
170 1232 199 1285 et
221 1227 253 1284 in
275 1223 366 1284 medii
388 1241 531 1304 praeceps
553 1223 690 1284 incendia
712 1222 790 1304 belli,

84 1313 116 1371 ni
138 1314 221 1391 prior
245 1312 380 1373 aduersis
402 1311 498 1372 Pallas
520 1310 647 1373 uidisset
670 1302 706 1371 ab
730 1312 819 1372 armis
1045 1323 1096 1372 740

86 1407 116 1460 et
139 1418 254 1465 secum:
278 1397 350 1462 ‘ruit
373 1419 444 1462 ecce
467 1401 552 1462 ferox
574 1403 605 1461 in
628 1401 734 1461 lunera
756 1400 873 1480 Perses,

85 1506 175 1567 quem
197 1493 314 1569 genitor
337 1489 455 1551 Colchis
478 1490 612 1570 solioque
634 1491 778 1569 inponere
802 1489 904 1549 fratris

85 1579 144 1637 iam
167 1582 278 1640 statuit.
324 1586 426 1639 nostra
448 1597 558 1639 uereor
581 1597 618 1638 ne
642 1577 746 1638 frande
768 1584 958 1656 peremptum

85 1659 221 1746 increpet
244 1676 274 1729 et
297 1667 414 1746 culpam
436 1667 512 1727 hanc
534 1684 641 1746 magne
663 1674 780 1728 terrore
803 1660 967 1746 rependat?

85 1753 158 1815 haec
182 1756 284 1817 dicens
307 1763 371 1817 atro
394 1754 533 1817 nebulam
555 1755 693 1817 dillundit
716 1756 825 1816 amictu
1050 1766 1101 1816 'tlt

86 1843 305 1924 stridentesque
328 1847 388 1906 uiri
410 1847 525 1906 circum
548 1853 637 1924 caput
660 1851 778 1905 amouet
801 1843 907 1905 hastae.

84 1930 135 1993 ille
159 1952 249 2014 super
273 1937 368 1995 socias
391 1934 530 1996 clementi
551 1933 672 1995 turbine
695 1940 799 2012 gentes

87 2022 212 2100 erigitur
233 2022 414 2103 paulumque
437 2023 498 2084 leui
520 2028 653 2101 raptatus
676 2024 708 2082 in
731 2022 833 2083 aethra

85 2110 145 2168 iam
166 2111 287 2172 tandem
309 2119 456 2173 extremas
478 2128 596 2190 pugnae
619 2110 754 2171 defertur
776 2113 808 2170 in
831 2126 908 2191 oras,

86 2198 163 2259 icrte
186 2200 239 2261 uhi
262 2217 347 2262 serus
370 2199 464 2261 Hiber
485 2199 713 2279 Issedoniaeque
736 2199 896 2279 phalanges
1050 2209 1102 2260 tto

86 2285 180 2347 Marte
204 2298 307 2349 carent
330 2289 460 2368 solisque
483 2291 588 2350 iuuant
611 2286 789 2349 clamoribus
813 2303 927 2366 agmen.
983 2295 985 2300 “

130 2375 195 2436 Nox
218 2377 306 2437 simul
328 2379 480 2439 astriferas
503 2377 618 2456 prefert
640 2375 776 2455 optabilis
799 2374 935 2456 umhras3

86 2470 117 2524 et
140 2464 218 2526 cadit
237 2465 387 2546 'extemplo
410 2464 480 2527 belli
502 2466 601 2544 fragor
624 2482 770 2544 aegraque
793 2466 888 2526 muris

87 2552 259 2632 degreditur
282 2553 403 2634 longum
424 2556 511 2634 uirgo
533 2572 675 2635 perpessa
696 2548 843 2615 timorem.

86 2648 120 2702 ut
143 2644 206 2705 sera
228 2643 353 2724 Nyctelii
374 2643 497 2724 paulum
518 2662 574 2723 per
596 2660 680 2704 sacra
703 2645 856 2724 resistunt,
976 2718 979 2726 ¹
1050 2651 1102 2703 ‘155

86 2750 155 2792 mox
178 2751 304 2813 rapuere
327 2734 417 2795 deum
439 2735 498 2794 iam
519 2735 578 2792 iam
602 2733 637 2792 ad
661 2732 869 2811 quodcumque
892 2737 1012 2810 paratae

86 2819 247 2904 Thyiades,
269 2822 342 2883 haut
365 2822 421 2882 alic
445 2829 558 2883 remeat
581 2820 683 2881 Medea
706 2819 845 2903 tumultu,

1 2989 2 2993 Ἰ
86 2910 183 2989 adque
205 2913 285 2972 inter
308 2910 488 2989 Graiumque
512 2912 591 2970 acies
612 2911 783 2989 patriasque
805 2906 967 2988 phalangas

87 3017 205 3080 semper
227 2999 386 3079 inexpletis
409 2998 562 3078 adgnoscit
584 2998 689 3060 lasona
712 2999 793 3059 curis

86 3106 226 3167 armaque
249 3090 362 3168 quique
385 3105 458 3149 caua
482 3094 619 3168 superest
642 3086 678 3148 de
702 3087 816 3148 casside
840 3086 966 3148 uultum.
1050 3096 1103 3146 tce

512 3382 750 3397 *ann——
