2384 3878
266 246 556 302 ARGONAUTICON
574 248 683 303 LIBER
701 249 762 305 VII.
805 292 808 298 .
961 248 1024 313 143

12 397 60 472 qui
83 394 171 455 modo
194 396 338 473 uirgineis
362 398 478 456 seruari
501 397 637 458 cantibus
660 397 726 457 Idas

11 479 93 544 flerat
115 490 147 544 et
168 485 262 544 inuito
286 486 439 563 prospexit
462 483 601 546 Colchida
624 484 719 546 uultu.
965 495 1017 546 555

12 587 69 631 non
90 571 160 632 tulit
183 573 246 651 ipse
270 589 368 633 moras
392 590 517 651 seseque
541 575 654 651 inmisit
675 572 771 655 lason,

14 657 145 721 diuersos
168 667 326 740 postquam
349 662 393 721 ire
417 660 509 722 uidet.
556 661 727 740 galeamque
750 663 914 723 minantem

14 756 128 825 quassat
151 756 182 809 et
204 756 355 810 errantem
378 749 482 810 dextra
505 751 564 810 ciet
586 748 694 811 obuius
717 753 825 828 ignem.

359 879 536 957 *εξ*

10 1021 167 1097 cunctatus
190 1013 310 1092 paulum
334 1012 433 1074 subito
457 1013 538 1074 lurit.
584 1031 713 1093 aequora
735 1031 802 1085 non
819 1015 862 1074 sic
970 992 1032 1074 581‘

10 1099 38 1161 ln
61 1100 200 1181 scopulos
223 1103 298 1162 irata
321 1109 414 1163 ruunt
437 1102 600 1182 eademque
623 1101 769 1163 recedunt

10 1185 100 1251 fracta
123 1197 214 1250 retro.
259 1188 306 1249 his
329 1190 480 1251 fulmineis
504 1209 535 1251 se
558 1190 678 1251 flatibus
700 1191 792 1251 inlert

10 1275 192 1357 obnubitque
215 1280 328 1358 uirum,
352 1279 404 1339 sed
427 1296 488 1338 non
510 1279 648 1339 incendia
671 1278 787 1339 Colchis

10 1367 158 1447 adspirare
183 1368 269 1447 sinit,
293 1366 448 1446 clipeoque
471 1365 607 1439 inliditur
629 1369 707 1445 ignis
969 1378 1021 1427 585

10 1449 132 1536 higinus
156 1462 186 1515 et
208 1457 274 1515 uiso
297 1454 432 1533 pallescit
454 1453 570 1515 llamma
592 1472 718 1516 ueneno.

10 1537 86 1607 licet
109 1543 271 1604 Aesonides
294 1543 428 1604 dextram
451 1543 486 1603 ad
511 1543 674 1623 squalentia
696 1544 787 1604 mittit

10 1644 134 1713 tornua,
157 1631 226 1692 dein
249 1634 320 1692 totis
343 1631 534 1712 propendens
557 1632 673 1693 uiribus
695 1632 807 1693 haeret.

10 1715 52 1782 lle
77 1723 179 1782 uirum
202 1719 297 1798 adque
320 1722 414 1800 ipsam
438 1728 509 1781 tunc
533 1728 576 1801 te,
599 1720 715 1801 Medea,
738 1738 883 1781 recusans

10 1811 141 1870 concutit
164 1815 194 1869 et
216 1815 279 1869 tota
301 1811 446 1870 nitentem
470 1808 611 1869 cornibus
634 1811 679 1868 ira
968 1819 1020 1869 590

10 1905 105 1958 rortat
127 1899 222 1976 iners3
245 1897 366 1958 tandem
388 1898 510 1975 grauius
533 1899 648 1976 mugire
672 1896 807 1957 residens

10 1987 112 2066 ncipit
135 1993 166 2045 et
188 1984 390 2056 lessouictus
415 1984 596 2047 descendere
621 2002 723 2046 cornu.

10 2075 130 2154 'aspicit
151 2073 222 2134 hinc
246 2075 356 2156 socios,
379 2075 507 2134 inmania
530 2074 650 2135 uincula
671 2091 807 2153 poscens,

10 2156 184 2242 lesonides,
207 2164 324 2240 iamque
348 2180 400 2222 ora
422 2164 532 2242 premit
555 2162 742 2241 trahiturque
766 2161 927 2243 trahitque,

10 2247 192 2329 tbnixusque
216 2269 295 2328 genu
319 2258 451 2331 superat,
476 2253 613 2328 cogitque
638 2256 800 2310 trementes
968 2258 1020 2309 595

10 2338 61 2400 »ub
83 2341 153 2417 iuga
176 2356 248 2398 aena
270 2347 361 2400 toros
407 2338 497 2400 alium
520 2338 627 2399 dehinc
650 2337 768 2399 turbida
782 2335 909 2398 ¹Colchis

10 2433 139 2487 exarmat
161 2424 334 2506 lentumque
352 2422 446 2488 'offert
468 2426 630 2506 timideque
653 2430 824 2508 minantem,

10 2530 125 2594 amque
148 2516 361 2595 propinquanti
384 2523 501 2576 noctem
524 2515 659 2596 inplicat3
682 2515 731 2575 ille
755 2516 895 2574 fatiscens

10 2614 36 2662 n
60 2609 149 2682 caput
171 2604 261 2680 inque
285 2620 406 2664 umeros
428 2605 493 2682 ipsa
515 2605 548 2663 ui
570 2602 657 2663 molis
679 2611 710 2662 et
731 2605 793 2662 irae

10 2692 135 2771 troruit3
159 2692 273 2752 inuadit
295 2698 436 2769 totusque
459 2689 605 2751 incumbit
627 2689 713 2750 lason
968 2701 1019 2751 600

10 2771 136 2858 lesuper
159 2778 253 2859 adque
277 2781 340 2840 suis
364 2778 492 2840 defixum
515 2778 634 2839 flatibus
656 2786 752 2858 urget.

10 2873 97 2944 itque
122 2865 202 2927 dedit
223 2867 330 2928 uinclis
354 2865 511 2947 calidoque
535 2866 694 2929 obstrinxit
717 2874 824 2948 aratro,

10 2956 130 3015 tuscitat
151 2957 218 3034 ipse
239 2973 318 3034 genu
341 2974 488 3035 saeuaque
513 2957 573 3036 agit
594 2959 717 3036 insuper
740 2956 833 3036 hasta,

10 3052 68 3101 uon
91 3061 179 3104 secus
203 3062 237 3104 ec
259 3043 357 3105 medio
382 3063 470 3123 quam
493 3046 519 3104 si
541 3044 657 3105 telluris
679 3043 762 3104 hiatu

10 3144 88 3210 >erga
110 3133 241 3192 recentis
266 3135 334 3211 equi
357 3135 546 3210 primumque
570 3135 680 3194 inuasit
701 3131 825 3193 habenis
968 3142 1019 3191 605
1107 3181 1110 3185 .

10 3227 142 3282 murmur
166 3227 196 3280 et
219 3222 251 3279 in
274 3239 388 3286 summa
411 3219 550 3300 Lapithes
574 3223 709 3301 apparuit
732 3220 814 3281 Ossa.

50 3305 101 3369 llle
126 3308 211 3369 uelut
234 3326 353 3387 campos
375 3307 482 3388 Libyes
505 3321 538 3369 ac
561 3311 681 3388 pinguia
703 3309 762 3369 Nili

10 3387 111 3457 erariis
135 3414 207 3456 arua
230 3404 325 3478 secet,
347 3397 434 3477 plena
458 3399 500 3456 sic
524 3399 636 3457 semina
659 3397 762 3458 dextra

10 3494 146 3563 ¹pergere
170 3483 277 3561 gaudet
296 3487 375 3564 agris
393 3491 556 3564 oneratque
580 3484 700 3546 noualia
719 3483 812 3545 heho.

10 3562 128 3634 lartius
150 3570 200 3631 hic
218 3574 352 3651 primum
376 3580 425 3636 ter
447 3593 578 3639 uomere
599 3575 694 3637 lusus
716 3573 852 3650 abipsa
1002 3571 1064 3614 iffi
