2384 3878
94 152 136 216 10
434 147 463 204 Ο.
482 150 620 206 vanum
638 148 768 206 FLAOGI

89 311 163 365 uota
186 301 249 363 aliis
272 298 407 362 facienda
429 299 502 359 deis.
549 300 575 360 si
598 300 656 360 lata
677 299 826 361 reducunt

91 402 121 455 te
145 390 231 474 mihi,
255 392 280 450 si
302 389 427 469 trepidis
450 387 593 468 placabile
617 388 762 449 matribus
786 406 906 470 aequor,

90 498 213 562 possum
236 478 375 558 equidem
397 477 553 556 lucemque
576 480 638 556 pati
660 477 840 557 longumque
864 479 1013 539 timorem.
1057 486 1106 541 333

92 573 138 631 sin
161 569 240 630 aliud
263 567 395 628 Fortuna
417 573 517 648 parat,
539 569 683 627 miserere
705 575 874 649 parentum,

90 659 170 720 Mors
184 657 271 739 bona,
286 656 356 718 dum
370 663 468 717 metus
483 664 598 716 estnec
613 655 708 716 adhuc
723 655 816 717 dolor.
840 658 868 716 ei
882 655 964 738 mihi,
982 655 1106 719 Colchos

90 748 170 809 unde
194 764 249 826 ego
273 753 304 806 et
326 747 423 806 aueeti
446 747 612 805 timuissem
634 745 746 805 uellera
770 740 893 805 Phrixi?
969 778 973 785 -

88 854 166 916 quos
189 838 248 896 iam
271 843 370 896 mente
395 835 471 916 dies,
495 852 583 913 quam
607 851 695 894 saeua
718 834 865 894 insomnia
887 834 970 896 curis

93 922 258 1007 prospicio!
281 926 419 1003 quotiens
443 941 550 984 raucos
574 922 609 983 ad
633 922 729 984 litoris
747 925 826 984 ictus
1055 935 1106 987 333

89 1015 226 1075 deficiam
250 1011 278 1074 al
303 1013 475 1092 Scythicum
497 1019 634 1073 metuens
657 1019 842 1102 pontumque
865 1020 1029 1092 petrasque

90 1121 146 1164 nec
170 1101 259 1163 dete
283 1103 402 1162 credam
426 1102 536 1161 nostris
559 1103 674 1179 ingrata
697 1099 825 1161 serenis!

89 1192 139 1272 da,
162 1209 283 1272 precor,
307 1190 458 1269 amplexus
481 1189 667 1269 haesuraque
690 1189 784 1250 uerba
806 1189 942 1268 relinque

92 1278 215 1340 auribus
239 1286 268 1339 et
292 1278 371 1338 dulci
393 1281 453 1338 iam
474 1296 555 1339 nunc
578 1297 680 1358 preme
703 1278 815 1339 lumina
838 1273 964 1339 dextra?

89 1367 198 1429 talibus
221 1366 370 1428 Alcimede
394 1374 520 1448 maeret3
544 1366 597 1426 sed
619 1367 727 1428 fortior
749 1366 847 1427 Aeson
1055 1378 1105 1430 333

87 1456 228 1519 attollens
251 1455 339 1517 dictis
363 1458 492 1518 animos:
517 1452 545 1516 ‘o
569 1458 595 1516 si
617 1457 690 1516 mihi
713 1457 843 1537 sanguis,

83 1552 220 1625 quantus
244 1553 320 1626 erat,
344 1563 412 1606 cum
436 1545 612 1624 signiferum
635 1551 751 1605 cratera
773 1546 936 1606 minantem

89 1650 151 1694 non
174 1633 287 1695 leniore
310 1633 436 1694 Pholum
458 1651 564 1694 manus
586 1632 659 1694 haec
684 1635 868 1713 compescuit
891 1651 979 1715 anro;
1080 1641 1084 1651 '

88 1724 204 1802 primus
227 1725 259 1782 in
283 1725 390 1783 aeratis
413 1725 581 1802 posuissem
603 1722 755 1802 puppibus
777 1739 859 1783 arma

90 1829 295 1889 concussoque
319 1820 414 1874 ratem
436 1811 596 1891 gauderem
618 1811 723 1873 tollere
746 1829 838 1872 remo.
1055 1823 1106 1875 340

89 1901 142 1961 sed
165 1903 278 1981 patriae
297 1901 418 1962 ualuere
441 1919 547 1981 preces
571 1901 728 1980 auditaque
747 1901 865 1979 magnis

1 2066 2 2071 ἵ
88 1997 160 2050 nota
184 1989 255 2049 deis.
300 1991 389 2050 uideo
412 1998 516 2050 nostro
539 1997 584 2050 tot
606 1992 638 2050 in
661 2007 790 2069 aequore
814 2005 901 2068 reges

90 2085 180 2156 teque
204 2075 318 2138 ducem.
364 2077 452 2159 tales,
475 2077 548 2139 tales
572 2097 626 2157 ego
650 2078 759 2139 ducere
784 2087 888 2140 suetus

89 2166 185 2246 adque
209 2169 303 2246 sequi.
348 2185 429 2227 nunc
451 2165 499 2227 ille
524 2167 587 2227 dies
611 2160 677 2250 (det
698 2166 833 2247 luppiter
856 2159 935 2250 oro),

88 2255 138 2316 ille
162 2274 265 2337 super,
289 2274 348 2334 quo
371 2263 401 2317 te
426 2255 556 2335 Scythici
578 2259 717 2335 regisque
740 2257 890 2334 marisque
1054 2267 1104 2320 343

90 2345 238 2404 uiatorem
261 2342 357 2422 adque
380 2363 501 2405 umeros
524 2344 677 2405 ardentem
699 2344 812 2406 uellere
835 2351 920 2423 rapto

85 2434 232 2512 accipiam
254 2432 419 2512 cedantque
442 2440 510 2493 tuae
534 2451 599 2494 mea
623 2434 699 2495 lacta
720 2428 881 2495 inuentae?

84 2523 132 2582 sic
151 2523 200 2582 ait.
245 2521 294 2581 ille
318 2539 373 2582 suo
397 2520 565 2601 conlapsam
588 2530 710 2603 pectore
733 2530 860 2583 matrem

89 2611 233 2672 sustinuit
254 2628 418 2691 magnaque
442 2629 545 2672 senem
568 2614 686 2672 ceruice
710 2613 832 2691 recepit.

178 2699 288 2760 Etiam
301 2701 368 2760 sinis
383 2709 459 2762 erat:
474 2699 701 2781 Zephyrumque
715 2708 869 2779 ratemque
884 2703 1029 2761 morantis
1053 2711 1104 2763 333

89 2788 220 2849 soluerat
243 2787 395 2867 amplexus
417 2791 498 2851 tristi
520 2788 591 2850 tuba
613 2792 702 2851 tertia
725 2791 818 2868 signo.

88 2876 160 2937 dant
182 2893 265 2937 remo
289 2893 342 2938 sua
365 2879 492 2955 quisque
514 2880 586 2959 uiri,
610 2879 681 2938 dant
702 2880 822 2939 nomina
844 2878 993 2939 transtris.

88 2964 159 3025 hinc
182 2964 298 3026 laeuom
321 2964 461 3027 Telamon
484 2964 606 3046 pelagus
629 2974 724 3049 tenet,
748 2965 833 3028 altior
856 2967 924 3027 inde

87 3061 215 3132 occupat
237 3053 354 3115 Alcides
377 3054 456 3116 aliud
479 3073 573 3137 mare,
597 3063 697 3116 cetera
718 3055 814 3135 pubes
1001 3064 1004 3069 ’

89 3141 246 3203 diuiditur:
269 3143 349 3204 celer
371 3144 522 3226 Asterion,
546 3162 636 3224 quem
658 3153 752 3205 matre
776 3144 932 3207 cadentem
1052 3154 1103 3206 333

87 3229 221 3292 Piresius
244 3234 361 3311 gemino
385 3232 459 3294 lauit
480 3242 565 3314 pater
589 3251 673 3294 amne
699 3232 845 3316 Cometes,

88 3322 208 3399 segnior
231 3320 355 3401 Apidani
378 3324 460 3383 uires
482 3321 535 3383 ubi
559 3325 649 3384 sentit
671 3322 812 3402 Enipeus.

87 3410 193 3470 nititur
215 3408 286 3470 hinc
309 3410 417 3471 'lalaus
440 3411 600 3490 fratrisque
623 3410 778 3473 Leodocus
801 3419 890 3492 urget

82 3514 171 3557 remo
193 3506 275 3578 terga
298 3502 360 3582 sui,
385 3518 459 3580 quos
482 3499 580 3561 nobile
605 3501 730 3562 contulit
753 3499 856 3580 Argos.
895 3581 898 3585 ῃ
