<?xml version="1.0" encoding="UTF-8"?>
<!DOCTYPE html PUBLIC "-//W3C//DTD XHTML 1.0 Transitional//EN"
    "http://www.w3.org/TR/xhtml1/DTD/xhtml1-transitional.dtd">
<html xmlns="http://www.w3.org/1999/xhtml" xml:lang="en" lang="en">
 <head>
  <title>
</title>
<meta http-equiv="Content-Type" content="text/html;charset=utf-8" />
  <meta name='ocr-system' content='tesseract 3.04.00' />
  <meta name='ocr-capabilities' content='ocr_page ocr_carea ocr_par ocr_line ocrx_word'/>
</head>
<body>
  <div class='ocr_page' id='page_1' title='image "./cvaleriflaccise01flacgoog_0161.png"; bbox 0 0 2384 3878; ppageno 0'>
   <div class='ocr_carea' id='block_1_1' title="bbox 127 176 808 257">
    <p class='ocr_par' dir='ltr' id='par_1_1' title="bbox 127 176 808 257">
     <span class='ocr_line' id='line_1_1' title="bbox 127 176 808 257; baseline -0.001 -10"><span class='ocrx_word' id='word_1_1' title='bbox 127 190 173 257; x_wconf 81' lang='lat' dir='ltr'><strong>oe</strong></span> <span class='ocrx_word' id='word_1_2' title='bbox 469 176 808 246; x_wconf 53' lang='lat' dir='ltr'><strong>sufferentem</strong></span> 
     </span>
    </p>
   </div>
   <div class='ocr_carea' id='block_1_2' title="bbox 40 340 1149 2288">
    <p class='ocr_par' dir='ltr' id='par_1_2' title="bbox 74 340 1149 866">
     <span class='ocr_line' id='line_1_2' title="bbox 129 340 862 423; baseline -0.005 -19"><span class='ocrx_word' id='word_1_3' title='bbox 129 340 296 423; x_wconf 81' lang='lat' dir='ltr'><strong>Henioche,</strong></span> <span class='ocrx_word' id='word_1_4' title='bbox 320 340 418 401; x_wconf 83' lang='lat' dir='ltr'><strong>cultus</strong></span> <span class='ocrx_word' id='word_1_5' title='bbox 440 341 530 420; x_wconf 91' lang='lat' dir='ltr'><strong>primi</strong></span> <span class='ocrx_word' id='word_1_6' title='bbox 553 343 603 400; x_wconf 88' lang='lat' dir='ltr'><strong>cui</strong></span> <span class='ocrx_word' id='word_1_7' title='bbox 626 340 758 401; x_wconf 86' lang='lat' dir='ltr'><strong>creditus</strong></span> <span class='ocrx_word' id='word_1_8' title='bbox 784 341 862 421; x_wconf 74' lang='lat' dir='ltr'><strong>aeui,</strong></span> 
     </span>
     <span class='ocr_line' id='line_1_3' title="bbox 131 428 960 511; baseline -0.006 -17"><span class='ocrx_word' id='word_1_9' title='bbox 131 441 197 495; x_wconf 87' lang='lat' dir='ltr'><strong>tum</strong></span> <span class='ocrx_word' id='word_1_10' title='bbox 219 428 366 511; x_wconf 76' lang='lat' dir='ltr'><strong>trepidam</strong></span> <span class='ocrx_word' id='word_1_11' title='bbox 389 428 477 489; x_wconf 85' lang='lat' dir='ltr'><strong>dictis</strong></span> <span class='ocrx_word' id='word_1_12' title='bbox 499 429 621 489; x_wconf 86' lang='lat' dir='ltr'><strong>lirmans</strong></span> <span class='ocrx_word' id='word_1_13' title='bbox 643 428 781 490; x_wconf 80' lang='lat' dir='ltr'><strong>hortatur</strong></span> <span class='ocrx_word' id='word_1_14' title='bbox 804 429 960 489; x_wconf 87' lang='lat' dir='ltr'><strong>alumnam.</strong></span> 
     </span>
     <span class='ocr_line' id='line_1_4' title="bbox 74 513 1095 598; baseline -0.005 -16"><span class='ocrx_word' id='word_1_15' title='bbox 74 547 79 555; x_wconf 96' lang='lat'>·</span> <span class='ocrx_word' id='word_1_16' title='bbox 132 517 205 582; x_wconf 82' lang='lat' dir='ltr'><strong>‘non</strong></span> <span class='ocrx_word' id='word_1_17' title='bbox 227 518 283 580; x_wconf 91' lang='lat' dir='ltr'><strong>tibi</strong></span> <span class='ocrx_word' id='word_1_18' title='bbox 306 519 342 579; x_wconf 87' lang='lat' dir='ltr'><strong>ab</strong></span> <span class='ocrx_word' id='word_1_19' title='bbox 365 517 451 579; x_wconf 90' lang='lat' dir='ltr'><strong>hoste</strong></span> <span class='ocrx_word' id='word_1_20' title='bbox 473 519 570 578; x_wconf 86' lang='lat' dir='ltr'><strong>minae</strong></span> <span class='ocrx_word' id='word_1_21' title='bbox 594 537 650 579; x_wconf 90' lang='lat' dir='ltr'><strong>neo</strong></span> <span class='ocrx_word' id='word_1_22' title='bbox 671 513 732 578; x_wconf 86' lang='lat' dir='ltr'><strong>uis&#39;</strong></span> <span class='ocrx_word' id='word_1_23' title='bbox 756 520 797 578; x_wconf 86' lang='lat' dir='ltr'><strong>ait</strong></span> <span class='ocrx_word' id='word_1_24' title='bbox 821 513 891 578; x_wconf 77' lang='lat' dir='ltr'><strong>‘ulla</strong></span> <span class='ocrx_word' id='word_1_25' title='bbox 913 518 1095 598; x_wconf 70' lang='lat' dir='ltr'><strong>propinquat</strong></span> 
     </span>
     <span class='ocr_line' id='line_1_5' title="bbox 131 606 1149 688; baseline -0.004 -16"><span class='ocrx_word' id='word_1_26' title='bbox 131 629 188 672; x_wconf 87' lang='lat' dir='ltr'><strong>nee</strong></span> <span class='ocrx_word' id='word_1_27' title='bbox 206 615 320 688; x_wconf 80' lang='lat' dir='ltr'><strong>metus3</strong></span> <span class='ocrx_word' id='word_1_28' title='bbox 343 616 467 668; x_wconf 80' lang='lat' dir='ltr'><strong>externo</strong></span> <span class='ocrx_word' id='word_1_29' title='bbox 491 608 549 666; x_wconf 89' lang='lat' dir='ltr'><strong>iam</strong></span> <span class='ocrx_word' id='word_1_30' title='bbox 571 606 706 668; x_wconf 87' lang='lat' dir='ltr'><strong>llammea</strong></span> <span class='ocrx_word' id='word_1_31' title='bbox 728 609 843 668; x_wconf 84' lang='lat' dir='ltr'><strong>murice</strong></span> <span class='ocrx_word' id='word_1_32' title='bbox 867 624 957 667; x_wconf 85' lang='lat' dir='ltr'><strong>cerno</strong></span> <span class='ocrx_word' id='word_1_33' title='bbox 1094 618 1149 668; x_wconf 76' lang='lat' dir='ltr'><strong>eoo</strong></span> 
     </span>
     <span class='ocr_line' id='line_1_6' title="bbox 131 694 1111 778; baseline -0.005 -18"><span class='ocrx_word' id='word_1_34' title='bbox 131 700 274 778; x_wconf 82' lang='lat' dir='ltr'><strong>tegmina,</strong></span> <span class='ocrx_word' id='word_1_35' title='bbox 296 696 355 757; x_wconf 90' lang='lat' dir='ltr'><strong>iam</strong></span> <span class='ocrx_word' id='word_1_36' title='bbox 378 698 469 757; x_wconf 84' lang='lat' dir='ltr'><strong>uittas</strong></span> <span class='ocrx_word' id='word_1_37' title='bbox 493 696 689 776; x_wconf 84' lang='lat' dir='ltr'><strong>frondemque</strong></span> <span class='ocrx_word' id='word_1_38' title='bbox 712 696 830 756; x_wconf 83' lang='lat' dir='ltr'><strong>inbellis</strong></span> <span class='ocrx_word' id='word_1_39' title='bbox 853 694 959 756; x_wconf 88' lang='lat' dir='ltr'><strong>oliuae.</strong></span> <span class='ocrx_word' id='word_1_40' title='bbox 1106 760 1111 764; x_wconf 69' lang='grc'><strong>,</strong></span> 
     </span>
     <span class='ocr_line' id='line_1_7' title="bbox 131 779 1042 866; baseline -0.003 -18"><span class='ocrx_word' id='word_1_41' title='bbox 131 787 239 848; x_wconf 88' lang='lat' dir='ltr'><strong>Graius</strong></span> <span class='ocrx_word' id='word_1_42' title='bbox 261 785 359 866; x_wconf 84' lang='lat' dir='ltr'><strong>adest,</strong></span> <span class='ocrx_word' id='word_1_43' title='bbox 404 784 493 845; x_wconf 82' lang='lat' dir='ltr'><strong>Graio</strong></span> <span class='ocrx_word' id='word_1_44' title='bbox 517 792 587 845; x_wconf 92' lang='lat' dir='ltr'><strong>sunt</strong></span> <span class='ocrx_word' id='word_1_45' title='bbox 610 792 718 846; x_wconf 87' lang='lat' dir='ltr'><strong>cuncta</strong></span> <span class='ocrx_word' id='word_1_46' title='bbox 740 784 889 845; x_wconf 71' lang='lat' dir='ltr'><strong>simillimet</strong></span> <span class='ocrx_word' id='word_1_47' title='bbox 911 779 1042 846; x_wconf 66' lang='lat' dir='ltr'><strong>Phrixo?</strong></span> 
     </span>
    </p>

    <p class='ocr_par' dir='ltr' id='par_1_3' title="bbox 40 873 1147 2288">
     <span class='ocr_line' id='line_1_8' title="bbox 178 873 1095 954; baseline -0.003 -18"><span class='ocrx_word' id='word_1_48' title='bbox 178 875 227 937; x_wconf 91' lang='lat' dir='ltr'><strong>Sio</strong></span> <span class='ocrx_word' id='word_1_49' title='bbox 252 877 302 937; x_wconf 86' lang='lat' dir='ltr'><strong>ait</strong></span> <span class='ocrx_word' id='word_1_50' title='bbox 346 882 376 934; x_wconf 90' lang='lat' dir='ltr'><strong>at</strong></span> <span class='ocrx_word' id='word_1_51' title='bbox 398 873 488 954; x_wconf 93' lang='lat' dir='ltr'><strong>luno,</strong></span> <span class='ocrx_word' id='word_1_52' title='bbox 510 874 670 953; x_wconf 80' lang='lat' dir='ltr'><strong>pulchrum</strong></span> <span class='ocrx_word' id='word_1_53' title='bbox 692 874 863 953; x_wconf 80' lang='lat' dir='ltr'><strong>longissima</strong></span> <span class='ocrx_word' id='word_1_54' title='bbox 886 873 1005 952; x_wconf 86' lang='lat' dir='ltr'><strong>quando</strong></span> <span class='ocrx_word' id='word_1_55' title='bbox 1092 912 1095 917; x_wconf 89' lang='lat'>-</span> 
     </span>
     <span class='ocr_line' id='line_1_9' title="bbox 131 962 870 1044; baseline -0.005 -18"><span class='ocrx_word' id='word_1_56' title='bbox 131 964 225 1026; x_wconf 92' lang='lat' dir='ltr'><strong>robur</strong></span> <span class='ocrx_word' id='word_1_57' title='bbox 248 982 320 1026; x_wconf 79' lang='lat' dir='ltr'><strong>oum</strong></span> <span class='ocrx_word' id='word_1_58' title='bbox 343 963 427 1024; x_wconf 81' lang='lat' dir='ltr'><strong>ducis</strong></span> <span class='ocrx_word' id='word_1_59' title='bbox 449 965 607 1042; x_wconf 78' lang='lat' dir='ltr'><strong>magnique</strong></span> <span class='ocrx_word' id='word_1_60' title='bbox 632 963 720 1024; x_wconf 89' lang='lat' dir='ltr'><strong>edere</strong></span> <span class='ocrx_word' id='word_1_61' title='bbox 743 962 870 1044; x_wconf 86' lang='lat' dir='ltr'><strong>labores,</strong></span> 
     </span>
     <span class='ocr_line' id='line_1_10' title="bbox 131 1052 1146 1131; baseline 0 -16"><span class='ocrx_word' id='word_1_62' title='bbox 131 1052 209 1115; x_wconf 92' lang='lat' dir='ltr'><strong>mole</strong></span> <span class='ocrx_word' id='word_1_63' title='bbox 232 1072 310 1114; x_wconf 87' lang='lat' dir='ltr'><strong>noua</strong></span> <span class='ocrx_word' id='word_1_64' title='bbox 333 1060 363 1113; x_wconf 92' lang='lat' dir='ltr'><strong>et</strong></span> <span class='ocrx_word' id='word_1_65' title='bbox 385 1070 488 1112; x_wconf 82' lang='lat' dir='ltr'><strong>roseae</strong></span> <span class='ocrx_word' id='word_1_66' title='bbox 512 1052 644 1131; x_wconf 83' lang='lat' dir='ltr'><strong>perfudit</strong></span> <span class='ocrx_word' id='word_1_67' title='bbox 665 1052 732 1113; x_wconf 89' lang='lat' dir='ltr'><strong>luee</strong></span> <span class='ocrx_word' id='word_1_68' title='bbox 755 1054 904 1113; x_wconf 87' lang='lat' dir='ltr'><strong>iuuentae.</strong></span> <span class='ocrx_word' id='word_1_69' title='bbox 1094 1065 1146 1115; x_wconf 76' lang='grc'><strong>366</strong></span> 
     </span>
     <span class='ocr_line' id='line_1_11' title="bbox 131 1139 1022 1220; baseline 0 -18"><span class='ocrx_word' id='word_1_70' title='bbox 131 1144 191 1204; x_wconf 89' lang='lat' dir='ltr'><strong>iam</strong></span> <span class='ocrx_word' id='word_1_71' title='bbox 214 1139 477 1218; x_wconf 80' lang='lat' dir='ltr'><strong>Talnum&#39;iamque</strong></span> <span class='ocrx_word' id='word_1_72' title='bbox 500 1139 682 1220; x_wconf 77' lang='lat' dir='ltr'><strong>Ampyciden</strong></span> <span class='ocrx_word' id='word_1_73' title='bbox 705 1149 845 1219; x_wconf 89' lang='lat' dir='ltr'><strong>astroque</strong></span> <span class='ocrx_word' id='word_1_74' title='bbox 870 1148 1022 1202; x_wconf 83' lang='lat' dir='ltr'><strong>comentes</strong></span> 
     </span>
     <span class='ocr_line' id='line_1_12' title="bbox 132 1230 857 1311; baseline -0.007 -18"><span class='ocrx_word' id='word_1_75' title='bbox 132 1230 315 1311; x_wconf 73' lang='lat' dir='ltr'><strong>Tyndaridas</strong></span> <span class='ocrx_word' id='word_1_76' title='bbox 337 1232 401 1308; x_wconf 91' lang='lat' dir='ltr'><strong>ipse</strong></span> <span class='ocrx_word' id='word_1_77' title='bbox 426 1231 545 1308; x_wconf 81' lang='lat' dir='ltr'><strong>egregio</strong></span> <span class='ocrx_word' id='word_1_78' title='bbox 570 1231 774 1308; x_wconf 86' lang='lat' dir='ltr'><strong>supereminet</strong></span> <span class='ocrx_word' id='word_1_79' title='bbox 796 1248 857 1289; x_wconf 91' lang='lat' dir='ltr'><strong>ore.</strong></span> 
     </span>
     <span class='ocr_line' id='line_1_13' title="bbox 131 1319 1049 1400; baseline -0.002 -19"><span class='ocrx_word' id='word_1_80' title='bbox 131 1338 192 1382; x_wconf 89' lang='lat' dir='ltr'><strong>non</strong></span> <span class='ocrx_word' id='word_1_81' title='bbox 216 1337 316 1400; x_wconf 85' lang='lat' dir='ltr'><strong>senus,</strong></span> <span class='ocrx_word' id='word_1_82' title='bbox 339 1325 481 1378; x_wconf 88' lang='lat' dir='ltr'><strong>autumno</strong></span> <span class='ocrx_word' id='word_1_83' title='bbox 505 1336 594 1396; x_wconf 88' lang='lat' dir='ltr'><strong>quam</strong></span> <span class='ocrx_word' id='word_1_84' title='bbox 616 1322 686 1378; x_wconf 84' lang='lat' dir='ltr'><strong>euni</strong></span> <span class='ocrx_word' id='word_1_85' title='bbox 708 1319 801 1397; x_wconf 81' lang='lat' dir='ltr'><strong>magis</strong></span> <span class='ocrx_word' id='word_1_86' title='bbox 824 1325 942 1396; x_wconf 80' lang='lat' dir='ltr'><strong>asperat</strong></span> <span class='ocrx_word' id='word_1_87' title='bbox 964 1321 1049 1397; x_wconf 82' lang='lat' dir='ltr'><strong>ignes</strong></span> 
     </span>
     <span class='ocr_line' id='line_1_14' title="bbox 133 1408 863 1470; baseline -0.004 -1"><span class='ocrx_word' id='word_1_88' title='bbox 133 1408 230 1470; x_wconf 90' lang='lat' dir='ltr'><strong>Sirius</strong></span> <span class='ocrx_word' id='word_1_89' title='bbox 254 1415 283 1468; x_wconf 93' lang='lat' dir='ltr'><strong>et</strong></span> <span class='ocrx_word' id='word_1_90' title='bbox 306 1425 396 1467; x_wconf 88' lang='lat' dir='ltr'><strong>saeuo</strong></span> <span class='ocrx_word' id='word_1_91' title='bbox 420 1424 489 1466; x_wconf 88' lang='lat' dir='ltr'><strong>eum</strong></span> <span class='ocrx_word' id='word_1_92' title='bbox 512 1414 571 1467; x_wconf 81' lang='lat' dir='ltr'><strong>nox</strong></span> <span class='ocrx_word' id='word_1_93' title='bbox 593 1408 766 1468; x_wconf 85' lang='lat' dir='ltr'><strong>eeoenditur</strong></span> <span class='ocrx_word' id='word_1_94' title='bbox 789 1425 863 1468; x_wconf 89' lang='lat' dir='ltr'><strong>auro</strong></span> 
     </span>
     <span class='ocr_line' id='line_1_15' title="bbox 131 1494 1147 1578; baseline 0.001 -19"><span class='ocrx_word' id='word_1_95' title='bbox 131 1497 285 1559; x_wconf 86' lang='lat' dir='ltr'><strong>luetiseras</strong></span> <span class='ocrx_word' id='word_1_96' title='bbox 308 1497 415 1556; x_wconf 84' lang='lat' dir='ltr'><strong>crinita</strong></span> <span class='ocrx_word' id='word_1_97' title='bbox 437 1495 530 1576; x_wconf 83' lang='lat' dir='ltr'><strong>laces,</strong></span> <span class='ocrx_word' id='word_1_98' title='bbox 553 1494 643 1557; x_wconf 91' lang='lat' dir='ltr'><strong>hebet</strong></span> <span class='ocrx_word' id='word_1_99' title='bbox 665 1496 756 1556; x_wconf 80' lang='lat' dir='ltr'><strong>Aroes</strong></span> <span class='ocrx_word' id='word_1_100' title='bbox 780 1504 810 1557; x_wconf 91' lang='lat' dir='ltr'><strong>et</strong></span> <span class='ocrx_word' id='word_1_101' title='bbox 832 1498 937 1578; x_wconf 84' lang='lat' dir='ltr'><strong>ingens</strong></span> <span class='ocrx_word' id='word_1_102' title='bbox 1095 1510 1147 1560; x_wconf 78' lang='lat' dir='ltr'><strong>ato</strong></span> 
     </span>
     <span class='ocr_line' id='line_1_16' title="bbox 132 1583 901 1666; baseline -0.003 -19"><span class='ocrx_word' id='word_1_103' title='bbox 132 1586 281 1666; x_wconf 74' lang='lat' dir='ltr'><strong>luppiter,</strong></span> <span class='ocrx_word' id='word_1_104' title='bbox 304 1592 350 1645; x_wconf 88' lang='lat' dir='ltr'><strong>ast</strong></span> <span class='ocrx_word' id='word_1_105' title='bbox 371 1583 455 1644; x_wconf 90' lang='lat' dir='ltr'><strong>illum</strong></span> <span class='ocrx_word' id='word_1_106' title='bbox 478 1583 563 1645; x_wconf 88' lang='lat' dir='ltr'><strong>tardo</strong></span> <span class='ocrx_word' id='word_1_107' title='bbox 587 1602 648 1644; x_wconf 92' lang='lat' dir='ltr'><strong>non</strong></span> <span class='ocrx_word' id='word_1_108' title='bbox 670 1585 796 1663; x_wconf 81' lang='lat' dir='ltr'><strong>gliscere</strong></span> <span class='ocrx_word' id='word_1_109' title='bbox 820 1584 901 1645; x_wconf 88' lang='lat' dir='ltr'><strong>eaelo</strong></span> 
     </span>
     <span class='ocr_line' id='line_1_17' title="bbox 132 1671 946 1753; baseline -0.004 -18"><span class='ocrx_word' id='word_1_110' title='bbox 132 1674 223 1736; x_wconf 89' lang='lat' dir='ltr'><strong>uellet</strong></span> <span class='ocrx_word' id='word_1_111' title='bbox 246 1692 328 1753; x_wconf 84' lang='lat' dir='ltr'><strong>ager,</strong></span> <span class='ocrx_word' id='word_1_112' title='bbox 352 1672 465 1733; x_wconf 91' lang='lat' dir='ltr'><strong>uellent</strong></span> <span class='ocrx_word' id='word_1_113' title='bbox 487 1671 589 1733; x_wconf 86' lang='lat' dir='ltr'><strong>calidis</strong></span> <span class='ocrx_word' id='word_1_114' title='bbox 611 1675 670 1733; x_wconf 88' lang='lat' dir='ltr'><strong>iam</strong></span> <span class='ocrx_word' id='word_1_115' title='bbox 692 1673 812 1744; x_wconf 84' lang='lat' dir='ltr'><strong>roribus</strong></span> <span class='ocrx_word' id='word_1_116' title='bbox 835 1691 946 1734; x_wconf 89' lang='lat' dir='ltr'><strong>amnes.</strong></span> 
     </span>
     <span class='ocr_line' id='line_1_18' title="bbox 132 1762 950 1843; baseline -0.001 -19"><span class='ocrx_word' id='word_1_117' title='bbox 132 1764 247 1843; x_wconf 82' lang='lat' dir='ltr'><strong>regina,</strong></span> <span class='ocrx_word' id='word_1_118' title='bbox 270 1764 396 1823; x_wconf 89' lang='lat' dir='ltr'><strong>attonito</strong></span> <span class='ocrx_word' id='word_1_119' title='bbox 420 1778 598 1841; x_wconf 80' lang='lat' dir='ltr'><strong>quamquam</strong></span> <span class='ocrx_word' id='word_1_120' title='bbox 619 1781 714 1841; x_wconf 90' lang='lat' dir='ltr'><strong>pauor</strong></span> <span class='ocrx_word' id='word_1_121' title='bbox 737 1781 789 1822; x_wconf 90' lang='lat' dir='ltr'><strong>ore</strong></span> <span class='ocrx_word' id='word_1_122' title='bbox 813 1762 950 1823; x_wconf 88' lang='lat' dir='ltr'><strong>silentem</strong></span> 
     </span>
     <span class='ocr_line' id='line_1_19' title="bbox 132 1851 902 1933; baseline -0.003 -20"><span class='ocrx_word' id='word_1_123' title='bbox 132 1853 293 1933; x_wconf 81' lang='lat' dir='ltr'><strong>exanimet,</strong></span> <span class='ocrx_word' id='word_1_124' title='bbox 317 1853 422 1911; x_wconf 88' lang='lat' dir='ltr'><strong>mirata</strong></span> <span class='ocrx_word' id='word_1_125' title='bbox 445 1857 544 1911; x_wconf 86' lang='lat' dir='ltr'><strong>tamen</strong></span> <span class='ocrx_word' id='word_1_126' title='bbox 565 1851 746 1930; x_wconf 87' lang='lat' dir='ltr'><strong>paulumque</strong></span> <span class='ocrx_word' id='word_1_127' title='bbox 770 1851 902 1912; x_wconf 84' lang='lat' dir='ltr'><strong>reductis</strong></span> 
     </span>
     <span class='ocr_line' id='line_1_20' title="bbox 131 1938 1146 2021; baseline 0.001 -20"><span class='ocrx_word' id='word_1_128' title='bbox 131 1940 270 2021; x_wconf 85' lang='lat' dir='ltr'><strong>passibus</strong></span> <span class='ocrx_word' id='word_1_129' title='bbox 287 1942 319 2000; x_wconf 93' lang='lat' dir='ltr'><strong>in</strong></span> <span class='ocrx_word' id='word_1_130' title='bbox 342 1938 405 2000; x_wconf 91' lang='lat' dir='ltr'><strong>solo</strong></span> <span class='ocrx_word' id='word_1_131' title='bbox 429 1941 544 2020; x_wconf 90' lang='lat' dir='ltr'><strong>stupuit</strong></span> <span class='ocrx_word' id='word_1_132' title='bbox 566 1940 651 2001; x_wconf 87' lang='lat' dir='ltr'><strong>duee.</strong></span> <span class='ocrx_word' id='word_1_133' title='bbox 696 1959 752 2001; x_wconf 89' lang='lat' dir='ltr'><strong>nec</strong></span> <span class='ocrx_word' id='word_1_134' title='bbox 775 1942 874 2001; x_wconf 89' lang='lat' dir='ltr'><strong>minus</strong></span> <span class='ocrx_word' id='word_1_135' title='bbox 897 1942 976 2000; x_wconf 91' lang='lat' dir='ltr'><strong>inter</strong></span> <span class='ocrx_word' id='word_1_136' title='bbox 1095 1950 1146 2002; x_wconf 76' lang='lat' dir='ltr'><strong>alt</strong></span> 
     </span>
     <span class='ocr_line' id='line_1_21' title="bbox 40 2028 867 2108; baseline -0.001 -18"><span class='ocrx_word' id='word_1_137' title='bbox 40 2031 44 2037; x_wconf 84' lang='lat'>&#39;</span> <span class='ocrx_word' id='word_1_138' title='bbox 132 2029 181 2090; x_wconf 92' lang='lat' dir='ltr'><strong>ille</strong></span> <span class='ocrx_word' id='word_1_139' title='bbox 204 2036 250 2090; x_wconf 95' lang='lat' dir='ltr'><strong>tot</strong></span> <span class='ocrx_word' id='word_1_140' title='bbox 272 2030 365 2108; x_wconf 80' lang='lat' dir='ltr'><strong>ignoti</strong></span> <span class='ocrx_word' id='word_1_141' title='bbox 388 2030 483 2089; x_wconf 82' lang='lat' dir='ltr'><strong>socias</strong></span> <span class='ocrx_word' id='word_1_142' title='bbox 506 2031 605 2107; x_wconf 81' lang='lat' dir='ltr'><strong>gregis</strong></span> <span class='ocrx_word' id='word_1_143' title='bbox 628 2028 731 2090; x_wconf 87' lang='lat' dir='ltr'><strong>haeret</strong></span> <span class='ocrx_word' id='word_1_144' title='bbox 753 2031 785 2090; x_wconf 91' lang='lat' dir='ltr'><strong>in</strong></span> <span class='ocrx_word' id='word_1_145' title='bbox 807 2047 867 2089; x_wconf 84' lang='lat' dir='ltr'><strong>une</strong></span> 
     </span>
     <span class='ocr_line' id='line_1_22' title="bbox 132 2116 950 2196; baseline 0.001 -19"><span class='ocrx_word' id='word_1_146' title='bbox 132 2117 247 2179; x_wconf 82' lang='lat' dir='ltr'><strong>defixus</strong></span> <span class='ocrx_word' id='word_1_147' title='bbox 270 2119 419 2196; x_wconf 90' lang='lat' dir='ltr'><strong>sentitque</strong></span> <span class='ocrx_word' id='word_1_148' title='bbox 442 2117 550 2178; x_wconf 81' lang='lat' dir='ltr'><strong>ducem</strong></span> <span class='ocrx_word' id='word_1_149' title='bbox 572 2116 781 2196; x_wconf 91' lang='lat' dir='ltr'><strong>dominamque</strong></span> <span class='ocrx_word' id='word_1_150' title='bbox 804 2125 950 2179; x_wconf 78' lang='lat' dir='ltr'><strong>cateruae.</strong></span> 
     </span>
     <span class='ocr_line' id='line_1_23' title="bbox 133 2201 1013 2288; baseline -0.002 -21"><span class='ocrx_word' id='word_1_151' title='bbox 133 2202 171 2267; x_wconf 77' lang='lat' dir='ltr'><strong>‘si</strong></span> <span class='ocrx_word' id='word_1_152' title='bbox 193 2206 261 2287; x_wconf 87' lang='lat' dir='ltr'><strong>dea,</strong></span> <span class='ocrx_word' id='word_1_153' title='bbox 285 2209 310 2267; x_wconf 91' lang='lat' dir='ltr'><strong>si</strong></span> <span class='ocrx_word' id='word_1_154' title='bbox 333 2208 431 2285; x_wconf 83' lang='lat' dir='ltr'><strong>magni</strong></span> <span class='ocrx_word' id='word_1_155' title='bbox 454 2206 546 2267; x_wconf 84' lang='lat' dir='ltr'><strong>decus</strong></span> <span class='ocrx_word' id='word_1_156' title='bbox 569 2207 628 2267; x_wconf 89' lang='lat' dir='ltr'><strong>hue</strong></span> <span class='ocrx_word' id='word_1_157' title='bbox 652 2202 733 2267; x_wconf 89' lang='lat' dir='ltr'><strong>ades&#39;</strong></span> <span class='ocrx_word' id='word_1_158' title='bbox 756 2209 854 2286; x_wconf 91' lang='lat' dir='ltr'><strong>inquit</strong></span> <span class='ocrx_word' id='word_1_159' title='bbox 878 2201 1013 2288; x_wconf 65' lang='lat' dir='ltr'><strong>‘Olympi</strong></span> 
     </span>
    </p>
   </div>
   <div class='ocr_carea' id='block_1_3' title="bbox 16 2292 957 2376">
    <p class='ocr_par' dir='ltr' id='par_1_4' title="bbox 16 2292 957 2376">
     <span class='ocr_line' id='line_1_24' title="bbox 16 2292 957 2376; baseline 0.001 -21"><span class='ocrx_word' id='word_1_160' title='bbox 16 2292 32 2303; x_wconf 86' lang='grc'><em>”</em></span> <span class='ocrx_word' id='word_1_161' title='bbox 133 2294 187 2355; x_wconf 81' lang='lat' dir='ltr'><strong>hes</strong></span> <span class='ocrx_word' id='word_1_162' title='bbox 211 2314 265 2374; x_wconf 87' lang='lat' dir='ltr'><strong>ego</strong></span> <span class='ocrx_word' id='word_1_163' title='bbox 289 2295 379 2355; x_wconf 90' lang='lat' dir='ltr'><strong>oredo</strong></span> <span class='ocrx_word' id='word_1_164' title='bbox 402 2296 495 2376; x_wconf 85' lang='lat' dir='ltr'><strong>saeos,</strong></span> <span class='ocrx_word' id='word_1_165' title='bbox 518 2295 591 2356; x_wconf 88' lang='lat' dir='ltr'><strong>haee</strong></span> <span class='ocrx_word' id='word_1_166' title='bbox 614 2297 741 2375; x_wconf 82' lang='lat' dir='ltr'><strong>uirginis</strong></span> <span class='ocrx_word' id='word_1_167' title='bbox 763 2315 815 2356; x_wconf 86' lang='lat' dir='ltr'><strong>ora</strong></span> <span class='ocrx_word' id='word_1_168' title='bbox 838 2295 957 2376; x_wconf 86' lang='lat' dir='ltr'><strong>Dianae,</strong></span> 
     </span>
    </p>
   </div>
   <div class='ocr_carea' id='block_1_4' title="bbox 125 2383 1157 3524">
    <p class='ocr_par' dir='ltr' id='par_1_5' title="bbox 132 2383 1147 2463">
     <span class='ocr_line' id='line_1_25' title="bbox 132 2383 1147 2463; baseline 0.004 -20"><span class='ocrx_word' id='word_1_169' title='bbox 132 2391 222 2462; x_wconf 90' lang='lat' dir='ltr'><strong>teque</strong></span> <span class='ocrx_word' id='word_1_170' title='bbox 245 2383 417 2444; x_wconf 87' lang='lat' dir='ltr'><strong>renodatam</strong></span> <span class='ocrx_word' id='word_1_171' title='bbox 440 2384 588 2463; x_wconf 87' lang='lat' dir='ltr'><strong>pharetris</strong></span> <span class='ocrx_word' id='word_1_172' title='bbox 611 2402 645 2444; x_wconf 86' lang='lat' dir='ltr'><strong>ao</strong></span> <span class='ocrx_word' id='word_1_173' title='bbox 668 2402 740 2463; x_wconf 87' lang='lat' dir='ltr'><strong>paee</strong></span> <span class='ocrx_word' id='word_1_174' title='bbox 765 2385 914 2445; x_wconf 82' lang='lat' dir='ltr'><strong>fruentem</strong></span> <span class='ocrx_word' id='word_1_175' title='bbox 974 2397 985 2423; x_wconf 80' lang='lat'>⁸</span> <span class='ocrx_word' id='word_1_176' title='bbox 1095 2394 1147 2447; x_wconf 79' lang='lat' dir='ltr'><strong>olio</strong></span> 
     </span>
    </p>

    <p class='ocr_par' dir='ltr' id='par_1_6' title="bbox 132 2470 954 2553">
     <span class='ocr_line' id='line_1_26' title="bbox 132 2470 954 2553; baseline 0.002 -21"><span class='ocrx_word' id='word_1_177' title='bbox 132 2472 169 2534; x_wconf 89' lang='lat' dir='ltr'><strong>ad</strong></span> <span class='ocrx_word' id='word_1_178' title='bbox 192 2490 246 2532; x_wconf 87' lang='lat' dir='ltr'><strong>sua</strong></span> <span class='ocrx_word' id='word_1_179' title='bbox 269 2470 435 2532; x_wconf 79' lang='lat' dir='ltr'><strong>Caucaseae</strong></span> <span class='ocrx_word' id='word_1_180' title='bbox 457 2472 628 2551; x_wconf 80' lang='lat' dir='ltr'><strong>producunt</strong></span> <span class='ocrx_word' id='word_1_181' title='bbox 650 2471 772 2533; x_wconf 82' lang='lat' dir='ltr'><strong>flumina</strong></span> <span class='ocrx_word' id='word_1_182' title='bbox 794 2472 954 2553; x_wconf 80' lang='lat' dir='ltr'><strong>Nymphae.</strong></span> 
     </span>
    </p>

    <p class='ocr_par' dir='ltr' id='par_1_7' title="bbox 133 2558 1004 2643">
     <span class='ocr_line' id='line_1_27' title="bbox 133 2558 1004 2643; baseline 0 -21"><span class='ocrx_word' id='word_1_183' title='bbox 133 2563 179 2622; x_wconf 88' lang='lat' dir='ltr'><strong>sin</strong></span> <span class='ocrx_word' id='word_1_184' title='bbox 203 2560 309 2622; x_wconf 91' lang='lat' dir='ltr'><strong>domus</strong></span> <span class='ocrx_word' id='word_1_185' title='bbox 332 2563 363 2621; x_wconf 94' lang='lat' dir='ltr'><strong>in</strong></span> <span class='ocrx_word' id='word_1_186' title='bbox 386 2562 476 2622; x_wconf 92' lang='lat' dir='ltr'><strong>terris</strong></span> <span class='ocrx_word' id='word_1_187' title='bbox 499 2558 595 2640; x_wconf 87' lang='lat' dir='ltr'><strong>adque</strong></span> <span class='ocrx_word' id='word_1_188' title='bbox 619 2560 689 2622; x_wconf 89' lang='lat' dir='ltr'><strong>hine</strong></span> <span class='ocrx_word' id='word_1_189' title='bbox 712 2561 767 2623; x_wconf 88' lang='lat' dir='ltr'><strong>tihi</strong></span> <span class='ocrx_word' id='word_1_190' title='bbox 790 2565 888 2641; x_wconf 83' lang='lat' dir='ltr'><strong>gentis</strong></span> <span class='ocrx_word' id='word_1_191' title='bbox 911 2564 1004 2643; x_wconf 84' lang='lat' dir='ltr'><strong>origo,</strong></span> 
     </span>
    </p>

    <p class='ocr_par' dir='ltr' id='par_1_8' title="bbox 132 2649 823 2732">
     <span class='ocr_line' id='line_1_28' title="bbox 132 2649 823 2732; baseline 0.003 -23"><span class='ocrx_word' id='word_1_192' title='bbox 132 2649 202 2711; x_wconf 83' lang='lat' dir='ltr'><strong>felix</strong></span> <span class='ocrx_word' id='word_1_193' title='bbox 224 2650 308 2730; x_wconf 92' lang='lat' dir='ltr'><strong>prole</strong></span> <span class='ocrx_word' id='word_1_194' title='bbox 330 2668 452 2731; x_wconf 88' lang='lat' dir='ltr'><strong>parens,</strong></span> <span class='ocrx_word' id='word_1_195' title='bbox 476 2650 604 2730; x_wconf 90' lang='lat' dir='ltr'><strong>olimque</strong></span> <span class='ocrx_word' id='word_1_196' title='bbox 627 2650 743 2712; x_wconf 86' lang='lat' dir='ltr'><strong>beatior</strong></span> <span class='ocrx_word' id='word_1_197' title='bbox 765 2651 823 2732; x_wconf 91' lang='lat' dir='ltr'><strong>ille,</strong></span> 
     </span>
    </p>

    <p class='ocr_par' dir='ltr' id='par_1_9' title="bbox 133 2739 884 2818">
     <span class='ocr_line' id='line_1_29' title="bbox 133 2739 884 2818; baseline 0.003 -20"><span class='ocrx_word' id='word_1_198' title='bbox 133 2740 184 2818; x_wconf 94' lang='lat' dir='ltr'><strong>qui</strong></span> <span class='ocrx_word' id='word_1_199' title='bbox 207 2739 310 2799; x_wconf 92' lang='lat' dir='ltr'><strong>tulerit</strong></span> <span class='ocrx_word' id='word_1_200' title='bbox 332 2739 428 2818; x_wconf 83' lang='lat' dir='ltr'><strong>longis</strong></span> <span class='ocrx_word' id='word_1_201' title='bbox 451 2747 481 2800; x_wconf 91' lang='lat' dir='ltr'><strong>et</strong></span> <span class='ocrx_word' id='word_1_202' title='bbox 504 2748 533 2801; x_wconf 89' lang='lat' dir='ltr'><strong>te</strong></span> <span class='ocrx_word' id='word_1_203' title='bbox 557 2740 614 2800; x_wconf 89' lang='lat' dir='ltr'><strong>sihi</strong></span> <span class='ocrx_word' id='word_1_204' title='bbox 636 2742 768 2802; x_wconf 87' lang='lat' dir='ltr'><strong>iunxerit</strong></span> <span class='ocrx_word' id='word_1_205' title='bbox 790 2743 884 2801; x_wconf 82' lang='lat' dir='ltr'><strong>annis.</strong></span> 
     </span>
    </p>

    <p class='ocr_par' dir='ltr' id='par_1_10' title="bbox 133 2826 1147 2909">
     <span class='ocr_line' id='line_1_30' title="bbox 133 2826 1147 2909; baseline 0.002 -21"><span class='ocrx_word' id='word_1_206' title='bbox 133 2826 186 2888; x_wconf 91' lang='lat' dir='ltr'><strong>sed</strong></span> <span class='ocrx_word' id='word_1_207' title='bbox 210 2827 255 2887; x_wconf 87' lang='lat' dir='ltr'><strong>ser</strong></span> <span class='ocrx_word' id='word_1_208' title='bbox 278 2845 378 2908; x_wconf 88' lang='lat' dir='ltr'><strong>opem,</strong></span> <span class='ocrx_word' id='word_1_209' title='bbox 401 2829 517 2909; x_wconf 86' lang='lat' dir='ltr'><strong>regina,</strong></span> <span class='ocrx_word' id='word_1_210' title='bbox 541 2831 624 2889; x_wconf 90' lang='lat' dir='ltr'><strong>uiris.</strong></span> <span class='ocrx_word' id='word_1_211' title='bbox 669 2848 724 2890; x_wconf 90' lang='lat' dir='ltr'><strong>nos</strong></span> <span class='ocrx_word' id='word_1_212' title='bbox 747 2829 864 2909; x_wconf 88' lang='lat' dir='ltr'><strong>hospita</strong></span> <span class='ocrx_word' id='word_1_213' title='bbox 886 2827 981 2908; x_wconf 83' lang='lat' dir='ltr'><strong>pubes</strong></span> <span class='ocrx_word' id='word_1_214' title='bbox 1094 2840 1147 2890; x_wconf 72' lang='lat'><strong>385</strong></span> 
     </span>
    </p>

    <p class='ocr_par' dir='ltr' id='par_1_11' title="bbox 133 2915 972 2997">
     <span class='ocr_line' id='line_1_31' title="bbox 133 2915 972 2997; baseline 0.001 -20"><span class='ocrx_word' id='word_1_215' title='bbox 133 2915 322 2996; x_wconf 87' lang='lat' dir='ltr'><strong>aduehimur,</strong></span> <span class='ocrx_word' id='word_1_216' title='bbox 345 2915 467 2976; x_wconf 88' lang='lat' dir='ltr'><strong>Graium</strong></span> <span class='ocrx_word' id='word_1_217' title='bbox 488 2935 631 2995; x_wconf 89' lang='lat' dir='ltr'><strong>proceres</strong></span> <span class='ocrx_word' id='word_1_218' title='bbox 654 2926 705 2979; x_wconf 89' lang='lat' dir='ltr'><strong>tua</strong></span> <span class='ocrx_word' id='word_1_219' title='bbox 727 2925 806 2979; x_wconf 86' lang='lat' dir='ltr'><strong>tecta</strong></span> <span class='ocrx_word' id='word_1_220' title='bbox 828 2925 972 2997; x_wconf 85' lang='lat' dir='ltr'><strong>petentes.</strong></span> 
     </span>
    </p>

    <p class='ocr_par' dir='ltr' id='par_1_12' title="bbox 133 3004 1026 3088">
     <span class='ocr_line' id='line_1_32' title="bbox 133 3004 1026 3088; baseline 0.001 -23"><span class='ocrx_word' id='word_1_221' title='bbox 133 3005 204 3086; x_wconf 89' lang='lat' dir='ltr'><strong>duc,</strong></span> <span class='ocrx_word' id='word_1_222' title='bbox 227 3023 348 3086; x_wconf 82' lang='lat' dir='ltr'><strong>precor,</strong></span> <span class='ocrx_word' id='word_1_223' title='bbox 371 3004 408 3064; x_wconf 90' lang='lat' dir='ltr'><strong>ad</strong></span> <span class='ocrx_word' id='word_1_224' title='bbox 430 3008 528 3066; x_wconf 89' lang='lat' dir='ltr'><strong>uestri</strong></span> <span class='ocrx_word' id='word_1_225' title='bbox 551 3008 731 3086; x_wconf 90' lang='lat' dir='ltr'><strong>quioumque</strong></span> <span class='ocrx_word' id='word_1_226' title='bbox 755 3014 802 3068; x_wconf 86' lang='lat' dir='ltr'><strong>est</strong></span> <span class='ocrx_word' id='word_1_227' title='bbox 824 3025 875 3067; x_wconf 89' lang='lat' dir='ltr'><strong>ora</strong></span> <span class='ocrx_word' id='word_1_228' title='bbox 899 3008 1026 3088; x_wconf 76' lang='lat' dir='ltr'><strong>tyranni,</strong></span> 
     </span>
    </p>

    <p class='ocr_par' dir='ltr' id='par_1_13' title="bbox 133 3093 953 3175">
     <span class='ocr_line' id='line_1_33' title="bbox 133 3093 953 3175; baseline 0 -19"><span class='ocrx_word' id='word_1_229' title='bbox 133 3111 167 3156; x_wconf 84' lang='lat' dir='ltr'><strong>ao</strong></span> <span class='ocrx_word' id='word_1_230' title='bbox 190 3101 223 3155; x_wconf 92' lang='lat' dir='ltr'><strong>tu</strong></span> <span class='ocrx_word' id='word_1_231' title='bbox 246 3096 341 3172; x_wconf 90' lang='lat' dir='ltr'><strong>prima</strong></span> <span class='ocrx_word' id='word_1_232' title='bbox 364 3093 438 3155; x_wconf 83' lang='lat' dir='ltr'><strong>dono</strong></span> <span class='ocrx_word' id='word_1_233' title='bbox 461 3095 541 3155; x_wconf 83' lang='lat' dir='ltr'><strong>tandi</strong></span> <span class='ocrx_word' id='word_1_234' title='bbox 564 3102 741 3174; x_wconf 90' lang='lat' dir='ltr'><strong>tempusque</strong></span> <span class='ocrx_word' id='word_1_235' title='bbox 765 3096 953 3175; x_wconf 89' lang='lat' dir='ltr'><strong>modumque.</strong></span> 
     </span>
    </p>

    <p class='ocr_par' dir='ltr' id='par_1_14' title="bbox 132 3182 889 3264">
     <span class='ocr_line' id='line_1_34' title="bbox 132 3182 889 3264; baseline 0.003 -22"><span class='ocrx_word' id='word_1_236' title='bbox 132 3200 202 3242; x_wconf 90' lang='lat' dir='ltr'><strong>nam</strong></span> <span class='ocrx_word' id='word_1_237' title='bbox 223 3183 297 3242; x_wconf 90' lang='lat' dir='ltr'><strong>mihi</strong></span> <span class='ocrx_word' id='word_1_238' title='bbox 321 3182 446 3243; x_wconf 88' lang='lat' dir='ltr'><strong>sollieito</strong></span> <span class='ocrx_word' id='word_1_239' title='bbox 470 3183 544 3244; x_wconf 88' lang='lat' dir='ltr'><strong>deus</strong></span> <span class='ocrx_word' id='word_1_240' title='bbox 567 3187 730 3264; x_wconf 82' lang='lat' dir='ltr'><strong>ignaroque</strong></span> <span class='ocrx_word' id='word_1_241' title='bbox 754 3186 889 3246; x_wconf 83' lang='lat' dir='ltr'><strong>locorum</strong></span> 
     </span>
    </p>

    <p class='ocr_par' dir='ltr' id='par_1_15' title="bbox 133 3269 1157 3443">
     <span class='ocr_line' id='line_1_35' title="bbox 133 3269 1149 3353; baseline 0.009 -22"><span class='ocrx_word' id='word_1_242' title='bbox 133 3278 162 3332; x_wconf 91' lang='lat' dir='ltr'><strong>te</strong></span> <span class='ocrx_word' id='word_1_243' title='bbox 185 3269 279 3352; x_wconf 73' lang='lat' dir='ltr'><strong>dedit,</strong></span> <span class='ocrx_word' id='word_1_244' title='bbox 302 3273 334 3331; x_wconf 92' lang='lat' dir='ltr'><strong>in</strong></span> <span class='ocrx_word' id='word_1_245' title='bbox 357 3279 386 3332; x_wconf 91' lang='lat' dir='ltr'><strong>te</strong></span> <span class='ocrx_word' id='word_1_246' title='bbox 410 3274 524 3334; x_wconf 86' lang='lat' dir='ltr'><strong>animos</strong></span> <span class='ocrx_word' id='word_1_247' title='bbox 548 3272 643 3351; x_wconf 88' lang='lat' dir='ltr'><strong>adque</strong></span> <span class='ocrx_word' id='word_1_248' title='bbox 667 3275 765 3335; x_wconf 90' lang='lat' dir='ltr'><strong>omnia</strong></span> <span class='ocrx_word' id='word_1_249' title='bbox 788 3281 890 3334; x_wconf 84' lang='lat' dir='ltr'><strong>nostru</strong></span> <span class='ocrx_word' id='word_1_250' title='bbox 912 3269 1048 3353; x_wconf 67' lang='lat' dir='ltr'><strong>repono?</strong></span> <span class='ocrx_word' id='word_1_251' title='bbox 1095 3280 1149 3341; x_wconf 78' lang='lat' dir='ltr'><strong>otio</strong></span> 
     </span>
     <span class='ocr_line' id='line_1_36' title="bbox 176 3359 1157 3443; baseline 0.004 -23"><span class='ocrx_word' id='word_1_252' title='bbox 176 3359 256 3420; x_wconf 80' lang='lat' dir='ltr'><strong>Dixit</strong></span> <span class='ocrx_word' id='word_1_253' title='bbox 278 3367 309 3421; x_wconf 93' lang='lat' dir='ltr'><strong>et</strong></span> <span class='ocrx_word' id='word_1_254' title='bbox 331 3364 490 3440; x_wconf 87' lang='lat' dir='ltr'><strong>opperiens</strong></span> <span class='ocrx_word' id='word_1_255' title='bbox 513 3361 658 3441; x_wconf 89' lang='lat' dir='ltr'><strong>trepidam</strong></span> <span class='ocrx_word' id='word_1_256' title='bbox 681 3365 772 3425; x_wconf 85' lang='lat' dir='ltr'><strong>stetit.</strong></span> <span class='ocrx_word' id='word_1_257' title='bbox 817 3361 866 3422; x_wconf 80' lang='lat' dir='ltr'><strong>ille</strong></span> <span class='ocrx_word' id='word_1_258' title='bbox 888 3381 1051 3443; x_wconf 83' lang='lat' dir='ltr'><strong>parumper</strong></span> <span class='ocrx_word' id='word_1_259' title='bbox 1152 3383 1157 3390; x_wconf 93' lang='lat'><strong>·</strong></span> 
     </span>
    </p>

    <p class='ocr_par' dir='ltr' id='par_1_16' title="bbox 125 3449 860 3524">
     <span class='ocr_line' id='line_1_37' title="bbox 125 3449 860 3524; baseline 0.011 -19"><span class='ocrx_word' id='word_1_260' title='bbox 125 3449 266 3524; x_wconf 73' lang='lat' dir='ltr'><strong>uirgineo</strong></span> <span class='ocrx_word' id='word_1_261' title='bbox 289 3458 428 3512; x_wconf 85' lang='lat' dir='ltr'><strong>cunctata</strong></span> <span class='ocrx_word' id='word_1_262' title='bbox 452 3458 533 3513; x_wconf 92' lang='lat' dir='ltr'><strong>metu</strong></span> <span class='ocrx_word' id='word_1_263' title='bbox 556 3453 599 3511; x_wconf 86' lang='lat' dir='ltr'><strong>sio</strong></span> <span class='ocrx_word' id='word_1_264' title='bbox 623 3470 691 3513; x_wconf 87' lang='lat' dir='ltr'><strong>orsa</strong></span> <span class='ocrx_word' id='word_1_265' title='bbox 713 3452 860 3513; x_wconf 87' lang='lat' dir='ltr'><strong>uicissim:</strong></span> 
     </span>
    </p>
   </div>
   <div class='ocr_carea' id='block_1_5' title="bbox 115 3527 1000 3627">
    <p class='ocr_par' dir='ltr' id='par_1_17' title="bbox 115 3527 1000 3627">
     <span class='ocr_line' id='line_1_38' title="bbox 115 3527 1000 3627; baseline -0.005 -20"><span class='ocrx_word' id='word_1_266' title='bbox 115 3527 216 3607; x_wconf 67' lang='lat' dir='ltr'><strong>‘qum</strong></span> <span class='ocrx_word' id='word_1_267' title='bbox 235 3541 323 3617; x_wconf 86' lang='lat' dir='ltr'><strong>petis</strong></span> <span class='ocrx_word' id='word_1_268' title='bbox 347 3539 479 3627; x_wconf 82' lang='lat' dir='ltr'><strong>Aeeten,</strong></span> <span class='ocrx_word' id='word_1_269' title='bbox 504 3543 624 3625; x_wconf 85' lang='lat' dir='ltr'><strong>genitor</strong></span> <span class='ocrx_word' id='word_1_270' title='bbox 647 3559 751 3624; x_wconf 85' lang='lat' dir='ltr'><strong>meus,</strong></span> <span class='ocrx_word' id='word_1_271' title='bbox 767 3542 894 3622; x_wconf 83' lang='lat' dir='ltr'><strong>ipsaque</strong></span> <span class='ocrx_word' id='word_1_272' title='bbox 912 3543 1000 3603; x_wconf 71' lang='lat' dir='ltr'><strong>iuxta</strong></span> 
     </span>
    </p>
   </div>
   <div class='ocr_carea' id='block_1_6' title="bbox 0 0 1202 3878">
    <p class='ocr_par' dir='ltr' id='par_1_18' title="bbox 0 0 1202 3878">
     <span class='ocr_line' id='line_1_39' title="bbox 0 0 1202 3878; baseline 0 0"><span class='ocrx_word' id='word_1_273' title='bbox 0 0 1202 3878; x_wconf 95' lang='lat' dir='ltr'><strong> </strong></span> 
     </span>
    </p>
   </div>
  </div>
 </body>
</html>
