<?xml version="1.0" encoding="UTF-8"?>
<!DOCTYPE html PUBLIC "-//W3C//DTD XHTML 1.0 Transitional//EN"
    "http://www.w3.org/TR/xhtml1/DTD/xhtml1-transitional.dtd">
<html xmlns="http://www.w3.org/1999/xhtml" xml:lang="en" lang="en">
 <head>
  <title>
</title>
<meta http-equiv="Content-Type" content="text/html;charset=utf-8" />
  <meta name='ocr-system' content='tesseract 3.04.00' />
  <meta name='ocr-capabilities' content='ocr_page ocr_carea ocr_par ocr_line ocrx_word'/>
</head>
<body>
  <div class='ocr_page' id='page_1' title='image "./cvaleriflaccise01flacgoog_0131.png"; bbox 0 0 2384 3878; ppageno 0'>
   <div class='ocr_carea' id='block_1_1' title="bbox 131 140 808 246">
    <p class='ocr_par' dir='ltr' id='par_1_1' title="bbox 131 140 808 246">
     <span class='ocr_line' id='line_1_1' title="bbox 131 140 808 246; baseline -0.007 0"><span class='ocrx_word' id='word_1_1' title='bbox 131 181 174 246; x_wconf 80' lang='lat' dir='ltr'><strong>ce</strong></span> <span class='ocrx_word' id='word_1_2' title='bbox 474 140 808 241; x_wconf 65' lang='lat' dir='ltr'><strong>rumunnense</strong></span> 
     </span>
    </p>
   </div>
   <div class='ocr_carea' id='block_1_2' title="bbox 97 331 1151 1122">
    <p class='ocr_par' dir='ltr' id='par_1_2' title="bbox 127 331 1150 503">
     <span class='ocr_line' id='line_1_2' title="bbox 127 331 1150 417; baseline 0.009 -25"><span class='ocrx_word' id='word_1_3' title='bbox 127 334 184 394; x_wconf 88' lang='lat' dir='ltr'><strong>huc</strong></span> <span class='ocrx_word' id='word_1_4' title='bbox 207 350 322 414; x_wconf 87' lang='lat' dir='ltr'><strong>nemus,</strong></span> <span class='ocrx_word' id='word_1_5' title='bbox 345 331 418 393; x_wconf 90' lang='lat' dir='ltr'><strong>haec</strong></span> <span class='ocrx_word' id='word_1_6' title='bbox 441 333 527 393; x_wconf 89' lang='lat' dir='ltr'><strong>sedes</strong></span> <span class='ocrx_word' id='word_1_7' title='bbox 550 334 623 393; x_wconf 89' lang='lat' dir='ltr'><strong>mibi</strong></span> <span class='ocrx_word' id='word_1_8' title='bbox 645 337 704 394; x_wconf 91' lang='lat' dir='ltr'><strong>iam</strong></span> <span class='ocrx_word' id='word_1_9' title='bbox 727 333 842 415; x_wconf 77' lang='lat' dir='ltr'><strong>domne,</strong></span> <span class='ocrx_word' id='word_1_10' title='bbox 865 335 992 415; x_wconf 86' lang='lat' dir='ltr'><strong>inproba</strong></span> <span class='ocrx_word' id='word_1_11' title='bbox 1015 356 1078 417; x_wconf 88' lang='lat' dir='ltr'><strong>quo</strong></span> <span class='ocrx_word' id='word_1_12' title='bbox 1102 358 1150 401; x_wconf 88' lang='lat' dir='ltr'><strong>me</strong></span> 
     </span>
     <span class='ocr_line' id='line_1_3' title="bbox 128 422 949 503; baseline 0.001 -19"><span class='ocrx_word' id='word_1_13' title='bbox 128 422 262 503; x_wconf 79' lang='lat' dir='ltr'><strong>Nympha</strong></span> <span class='ocrx_word' id='word_1_14' title='bbox 285 424 363 502; x_wconf 84' lang='lat' dir='ltr'>rapit</span> <span class='ocrx_word' id='word_1_15' title='bbox 386 440 491 482; x_wconf 90' lang='lat' dir='ltr'><strong>saeuae</strong></span> <span class='ocrx_word' id='word_1_16' title='bbox 514 425 630 484; x_wconf 88' lang='lat' dir='ltr'><strong>monitu</strong></span> <span class='ocrx_word' id='word_1_17' title='bbox 653 422 787 503; x_wconf 84' lang='lat' dir='ltr'><strong>lunonis3</strong></span> <span class='ocrx_word' id='word_1_18' title='bbox 810 425 842 483; x_wconf 92' lang='lat' dir='ltr'><strong>in</strong></span> <span class='ocrx_word' id='word_1_19' title='bbox 865 442 949 485; x_wconf 87' lang='lat' dir='ltr'><strong>arces</strong></span> 
     </span>
    </p>

    <p class='ocr_par' dir='ltr' id='par_1_3' title="bbox 128 511 932 574">
     <span class='ocr_line' id='line_1_4' title="bbox 128 511 932 574; baseline 0 -1"><span class='ocrx_word' id='word_1_20' title='bbox 128 530 208 574; x_wconf 90' lang='lat' dir='ltr'><strong>nunc</strong></span> <span class='ocrx_word' id='word_1_21' title='bbox 231 511 311 572; x_wconf 88' lang='lat' dir='ltr'><strong>leuis</strong></span> <span class='ocrx_word' id='word_1_22' title='bbox 333 528 472 572; x_wconf 81' lang='lat' dir='ltr'><strong>accessus</strong></span> <span class='ocrx_word' id='word_1_23' title='bbox 495 518 525 572; x_wconf 90' lang='lat' dir='ltr'><strong>et</strong></span> <span class='ocrx_word' id='word_1_24' title='bbox 547 513 606 571; x_wconf 93' lang='lat' dir='ltr'><strong>iam</strong></span> <span class='ocrx_word' id='word_1_25' title='bbox 628 511 701 572; x_wconf 88' lang='lat' dir='ltr'><strong>mihi</strong></span> <span class='ocrx_word' id='word_1_26' title='bbox 714 514 836 572; x_wconf 91' lang='lat' dir='ltr'><strong>numina</strong></span> <span class='ocrx_word' id='word_1_27' title='bbox 858 513 932 574; x_wconf 90' lang='lat' dir='ltr'><strong>caeli</strong></span> 
     </span>
    </p>

    <p class='ocr_par' dir='ltr' id='par_1_4' title="bbox 128 599 894 679">
     <span class='ocr_line' id='line_1_5' title="bbox 128 599 894 679; baseline -0.001 -17"><span class='ocrx_word' id='word_1_28' title='bbox 128 601 265 662; x_wconf 87' lang='lat' dir='ltr'><strong>conciliat</strong></span> <span class='ocrx_word' id='word_1_29' title='bbox 287 601 443 679; x_wconf 84' lang='lat' dir='ltr'><strong>iungitque</strong></span> <span class='ocrx_word' id='word_1_30' title='bbox 467 608 549 660; x_wconf 85' lang='lat' dir='ltr'><strong>toros</strong></span> <span class='ocrx_word' id='word_1_31' title='bbox 572 606 602 660; x_wconf 93' lang='lat' dir='ltr'><strong>et</strong></span> <span class='ocrx_word' id='word_1_32' title='bbox 625 601 733 668; x_wconf 80' lang='lat' dir='ltr'><strong>ironiis</strong></span> <span class='ocrx_word' id='word_1_33' title='bbox 755 599 894 662; x_wconf 80' lang='lat' dir='ltr'><strong>honores</strong></span> 
     </span>
    </p>

    <p class='ocr_par' dir='ltr' id='par_1_5' title="bbox 126 686 1151 861">
     <span class='ocr_line' id='line_1_6' title="bbox 127 686 1151 769; baseline 0.005 -18"><span class='ocrx_word' id='word_1_34' title='bbox 127 710 145 751; x_wconf 85' lang='grc' dir='ltr'>ο</span> <span class='ocrx_word' id='word_1_35' title='bbox 169 686 266 750; x_wconf 87' lang='lat' dir='ltr'><strong>dclcrl</strong></span> <span class='ocrx_word' id='word_1_36' title='bbox 289 707 306 748; x_wconf 88' lang='grc' dir='ltr'>ο</span> <span class='ocrx_word' id='word_1_37' title='bbox 331 686 432 749; x_wconf 82' lang='lat' dir='ltr'><strong>dulces</strong></span> <span class='ocrx_word' id='word_1_38' title='bbox 456 706 530 767; x_wconf 90' lang='lat' dir='ltr'><strong>quas</strong></span> <span class='ocrx_word' id='word_1_39' title='bbox 552 691 699 767; x_wconf 81' lang='lat' dir='ltr'><strong>gessimus</strong></span> <span class='ocrx_word' id='word_1_40' title='bbox 723 696 792 750; x_wconf 95' lang='lat' dir='ltr'><strong>ante</strong></span> <span class='ocrx_word' id='word_1_41' title='bbox 813 688 986 769; x_wconf 74' lang='lat' dir='ltr'><strong>pharetrae!</strong></span> <span class='ocrx_word' id='word_1_42' title='bbox 1111 707 1151 756; x_wconf 84' lang='grc' dir='ltr'><strong>3ο</strong></span> 
     </span>
     <span class='ocr_line' id='line_1_7' title="bbox 126 777 855 861; baseline -0.001 -22"><span class='ocrx_word' id='word_1_43' title='bbox 126 783 186 839; x_wconf 92' lang='lat' dir='ltr'><strong>iam</strong></span> <span class='ocrx_word' id='word_1_44' title='bbox 210 780 284 838; x_wconf 86' lang='lat' dir='ltr'><strong>socii</strong></span> <span class='ocrx_word' id='word_1_45' title='bbox 306 777 391 837; x_wconf 90' lang='lat' dir='ltr'><strong>laetis</strong></span> <span class='ocrx_word' id='word_1_46' title='bbox 415 785 581 856; x_wconf 91' lang='lat' dir='ltr'><strong>rapuerunt</strong></span> <span class='ocrx_word' id='word_1_47' title='bbox 603 777 724 838; x_wconf 91' lang='lat' dir='ltr'><strong>uincula</strong></span> <span class='ocrx_word' id='word_1_48' title='bbox 746 780 855 861; x_wconf 81' lang='lat' dir='ltr'><strong>uentis,</strong></span> 
     </span>
    </p>

    <p class='ocr_par' dir='ltr' id='par_1_6' title="bbox 127 866 854 953">
     <span class='ocr_line' id='line_1_8' title="bbox 127 866 854 953; baseline 0 -26"><span class='ocrx_word' id='word_1_49' title='bbox 127 868 262 927; x_wconf 87' lang='lat' dir='ltr'><strong>hortator</strong></span> <span class='ocrx_word' id='word_1_50' title='bbox 284 874 452 953; x_wconf 53' lang='lat' dir='ltr'><strong>postquam»</strong></span> <span class='ocrx_word' id='word_1_51' title='bbox 465 866 552 927; x_wconf 85' lang='lat' dir='ltr'><strong>furiis</strong></span> <span class='ocrx_word' id='word_1_52' title='bbox 576 874 607 927; x_wconf 91' lang='lat' dir='ltr'><strong>et</strong></span> <span class='ocrx_word' id='word_1_53' title='bbox 629 884 704 926; x_wconf 87' lang='lat' dir='ltr'><strong>uoce</strong></span> <span class='ocrx_word' id='word_1_54' title='bbox 727 867 854 927; x_wconf 77' lang='lat' dir='ltr'><strong>nefanda</strong></span> 
     </span>
    </p>

    <p class='ocr_par' dir='ltr' id='par_1_7' title="bbox 126 954 921 1035">
     <span class='ocr_line' id='line_1_9' title="bbox 126 954 921 1035; baseline 0 -18"><span class='ocrx_word' id='word_1_55' title='bbox 126 957 235 1035; x_wconf 81' lang='lat' dir='ltr'><strong>inpulit</strong></span> <span class='ocrx_word' id='word_1_56' title='bbox 257 954 394 1015; x_wconf 79' lang='lat' dir='ltr'><strong>Oenides,</strong></span> <span class='ocrx_word' id='word_1_57' title='bbox 432 962 548 1016; x_wconf 88' lang='lat' dir='ltr'><strong>&#39;uerum</strong></span> <span class='ocrx_word' id='word_1_58' title='bbox 571 973 639 1016; x_wconf 90' lang='lat' dir='ltr'><strong>cum</strong></span> <span class='ocrx_word' id='word_1_59' title='bbox 663 963 751 1034; x_wconf 87' lang='lat' dir='ltr'><strong>gente</strong></span> <span class='ocrx_word' id='word_1_60' title='bbox 774 955 921 1034; x_wconf 84' lang='lat' dir='ltr'><strong>domoque</strong></span> 
     </span>
    </p>

    <p class='ocr_par' dir='ltr' id='par_1_8' title="bbox 97 1044 947 1122">
     <span class='ocr_line' id='line_1_10' title="bbox 97 1044 947 1122; baseline 0 -16"><span class='ocrx_word' id='word_1_61' title='bbox 97 1087 99 1092; x_wconf 90' lang='lat'><em>-</em></span> <span class='ocrx_word' id='word_1_62' title='bbox 127 1048 184 1106; x_wconf 88' lang='lat' dir='ltr'><strong>ista</strong></span> <span class='ocrx_word' id='word_1_63' title='bbox 207 1045 269 1105; x_wconf 90' lang='lat' dir='ltr'><strong>luet</strong></span> <span class='ocrx_word' id='word_1_64' title='bbox 292 1062 458 1122; x_wconf 90' lang='lat' dir='ltr'><strong>saeuaeque</strong></span> <span class='ocrx_word' id='word_1_65' title='bbox 482 1044 609 1104; x_wconf 89' lang='lat' dir='ltr'><strong>aderunt</strong></span> <span class='ocrx_word' id='word_1_66' title='bbox 633 1053 684 1104; x_wconf 91' lang='lat' dir='ltr'><strong>tua</strong></span> <span class='ocrx_word' id='word_1_67' title='bbox 706 1046 828 1104; x_wconf 91' lang='lat' dir='ltr'><strong>numina</strong></span> <span class='ocrx_word' id='word_1_68' title='bbox 851 1047 947 1106; x_wconf 91' lang='lat' dir='ltr'><strong>matri.</strong></span> 
     </span>
    </p>
   </div>
   <div class='ocr_carea' id='block_1_3' title="bbox 15 1120 1146 1302">
    <p class='ocr_par' dir='ltr' id='par_1_9' title="bbox 15 1120 1146 1302">
     <span class='ocr_line' id='line_1_11' title="bbox 15 1120 1146 1213; baseline 0.004 -19"><span class='ocrx_word' id='word_1_69' title='bbox 15 1125 17 1129; x_wconf 66' lang='grc'><strong>’</strong></span> <span class='ocrx_word' id='word_1_70' title='bbox 127 1152 216 1213; x_wconf 84' lang='lat' dir='ltr'><strong>surge</strong></span> <span class='ocrx_word' id='word_1_71' title='bbox 240 1152 293 1212; x_wconf 83' lang='lat' dir='ltr'><strong>age</strong></span> <span class='ocrx_word' id='word_1_72' title='bbox 317 1141 347 1193; x_wconf 88' lang='lat' dir='ltr'><strong>et</strong></span> <span class='ocrx_word' id='word_1_73' title='bbox 369 1134 401 1192; x_wconf 91' lang='lat' dir='ltr'><strong>in</strong></span> <span class='ocrx_word' id='word_1_74' title='bbox 423 1130 507 1192; x_wconf 89' lang='lat' dir='ltr'><strong>duris</strong></span> <span class='ocrx_word' id='word_1_75' title='bbox 529 1120 602 1193; x_wconf 88' lang='lat' dir='ltr'><strong>baut</strong></span> <span class='ocrx_word' id='word_1_76' title='bbox 624 1150 766 1210; x_wconf 91' lang='lat' dir='ltr'><strong>umquam</strong></span> <span class='ocrx_word' id='word_1_77' title='bbox 787 1132 895 1213; x_wconf 80' lang='lat' dir='ltr'><strong>delice3</strong></span> <span class='ocrx_word' id='word_1_78' title='bbox 918 1133 1000 1194; x_wconf 88' lang='lat' dir='ltr'><strong>caelo</strong></span> <span class='ocrx_word' id='word_1_79' title='bbox 1109 1149 1146 1199; x_wconf 75' lang='lat'><strong>35</strong></span> 
     </span>
     <span class='ocr_line' id='line_1_12' title="bbox 16 1221 996 1302; baseline 0 -20"><span class='ocrx_word' id='word_1_80' title='bbox 16 1250 20 1261; x_wconf 93' lang='lat'>·</span> <span class='ocrx_word' id='word_1_81' title='bbox 126 1241 195 1282; x_wconf 87' lang='lat' dir='ltr'><strong>mex</strong></span> <span class='ocrx_word' id='word_1_82' title='bbox 218 1221 315 1282; x_wconf 87' lang='lat' dir='ltr'><strong>aderis</strong></span> <span class='ocrx_word' id='word_1_83' title='bbox 339 1230 427 1299; x_wconf 90' lang='lat' dir='ltr'><strong>teque</strong></span> <span class='ocrx_word' id='word_1_84' title='bbox 451 1227 531 1280; x_wconf 89' lang='lat' dir='ltr'><strong>astra</strong></span> <span class='ocrx_word' id='word_1_85' title='bbox 553 1222 665 1302; x_wconf 87' lang='lat' dir='ltr'><strong>lerent;</strong></span> <span class='ocrx_word' id='word_1_86' title='bbox 688 1228 721 1282; x_wconf 93' lang='lat' dir='ltr'><strong>tu</strong></span> <span class='ocrx_word' id='word_1_87' title='bbox 745 1240 864 1301; x_wconf 80' lang='lat' dir='ltr'><strong>semper</strong></span> <span class='ocrx_word' id='word_1_88' title='bbox 886 1225 996 1283; x_wconf 87' lang='lat' dir='ltr'><strong>amoris</strong></span> 
     </span>
    </p>
   </div>
   <div class='ocr_carea' id='block_1_4' title="bbox 124 1305 1146 2368">
    <p class='ocr_par' dir='ltr' id='par_1_10' title="bbox 127 1305 947 1390">
     <span class='ocr_line' id='line_1_13' title="bbox 127 1305 947 1390; baseline -0.001 -19"><span class='ocrx_word' id='word_1_89' title='bbox 127 1313 168 1371; x_wconf 87' lang='lat' dir='ltr'><strong>sis</strong></span> <span class='ocrx_word' id='word_1_90' title='bbox 192 1328 306 1370; x_wconf 84' lang='lat' dir='ltr'><strong>memor</strong></span> <span class='ocrx_word' id='word_1_91' title='bbox 329 1318 359 1370; x_wconf 90' lang='lat' dir='ltr'><strong>et</strong></span> <span class='ocrx_word' id='word_1_92' title='bbox 382 1311 443 1369; x_wconf 88' lang='lat' dir='ltr'><strong>cari</strong></span> <span class='ocrx_word' id='word_1_93' title='bbox 467 1311 584 1370; x_wconf 87' lang='lat' dir='ltr'><strong>comitis</strong></span> <span class='ocrx_word' id='word_1_94' title='bbox 606 1328 645 1369; x_wconf 91' lang='lat' dir='ltr'><strong>ne</strong></span> <span class='ocrx_word' id='word_1_95' title='bbox 668 1308 808 1372; x_wconf 83' lang='lat' dir='ltr'><strong>abscedat</strong></span> <span class='ocrx_word' id='word_1_96' title='bbox 830 1305 947 1390; x_wconf 64' lang='lat' dir='ltr'><strong>image?</strong></span> 
     </span>
    </p>

    <p class='ocr_par' dir='ltr' id='par_1_11' title="bbox 127 1398 828 1477">
     <span class='ocr_line' id='line_1_14' title="bbox 127 1398 828 1477; baseline 0 -18"><span class='ocrx_word' id='word_1_97' title='bbox 127 1399 234 1460; x_wconf 90' lang='lat' dir='ltr'><strong>talibus</strong></span> <span class='ocrx_word' id='word_1_98' title='bbox 257 1407 393 1459; x_wconf 83' lang='lat' dir='ltr'><strong>orantem</strong></span> <span class='ocrx_word' id='word_1_99' title='bbox 416 1398 503 1459; x_wconf 89' lang='lat' dir='ltr'><strong>dictis</strong></span> <span class='ocrx_word' id='word_1_100' title='bbox 526 1400 654 1477; x_wconf 89' lang='lat' dir='ltr'><strong>uisuque</strong></span> <span class='ocrx_word' id='word_1_101' title='bbox 677 1399 828 1460; x_wconf 82' lang='lat' dir='ltr'><strong>fruentem</strong></span> 
     </span>
    </p>

    <p class='ocr_par' dir='ltr' id='par_1_12' title="bbox 125 1486 1144 1744">
     <span class='ocr_line' id='line_1_15' title="bbox 125 1486 959 1567; baseline 0.006 -19"><span class='ocrx_word' id='word_1_102' title='bbox 125 1488 174 1548; x_wconf 87' lang='lat' dir='ltr'><strong>ille</strong></span> <span class='ocrx_word' id='word_1_103' title='bbox 199 1487 276 1548; x_wconf 89' lang='lat' dir='ltr'><strong>ultre</strong></span> <span class='ocrx_word' id='word_1_104' title='bbox 300 1490 375 1567; x_wconf 90' lang='lat' dir='ltr'><strong>petit</strong></span> <span class='ocrx_word' id='word_1_105' title='bbox 399 1496 429 1547; x_wconf 93' lang='lat' dir='ltr'><strong>et</strong></span> <span class='ocrx_word' id='word_1_106' title='bbox 451 1490 555 1548; x_wconf 90' lang='lat' dir='ltr'><strong>uacuis</strong></span> <span class='ocrx_word' id='word_1_107' title='bbox 578 1486 762 1566; x_wconf 86' lang='lat' dir='ltr'><strong>amplexibus</strong></span> <span class='ocrx_word' id='word_1_108' title='bbox 785 1490 877 1548; x_wconf 91' lang='lat' dir='ltr'><strong>instat</strong></span> <span class='ocrx_word' id='word_1_109' title='bbox 957 1549 959 1553; x_wconf 86' lang='grc'><em>,</em></span> 
     </span>
     <span class='ocr_line' id='line_1_16' title="bbox 126 1576 1144 1655; baseline 0.006 -19"><span class='ocrx_word' id='word_1_110' title='bbox 126 1577 353 1655; x_wconf 82' lang='lat' dir='ltr'><strong>languentisque</strong></span> <span class='ocrx_word' id='word_1_111' title='bbox 376 1584 478 1636; x_wconf 87' lang='lat' dir='ltr'><strong>mouet</strong></span> <span class='ocrx_word' id='word_1_112' title='bbox 501 1577 612 1636; x_wconf 84' lang='lat' dir='ltr'><strong>frustra</strong></span> <span class='ocrx_word' id='word_1_113' title='bbox 636 1578 790 1636; x_wconf 87' lang='lat' dir='ltr'><strong>conamina</strong></span> <span class='ocrx_word' id='word_1_114' title='bbox 812 1576 948 1638; x_wconf 85' lang='lat' dir='ltr'><strong>dextrae:</strong></span> <span class='ocrx_word' id='word_1_115' title='bbox 1105 1592 1144 1642; x_wconf 80' lang='lat'><strong>40</strong></span> 
     </span>
     <span class='ocr_line' id='line_1_17' title="bbox 125 1663 951 1744; baseline 0 -18"><span class='ocrx_word' id='word_1_116' title='bbox 125 1683 235 1744; x_wconf 88' lang='lat' dir='ltr'><strong>corpus</strong></span> <span class='ocrx_word' id='word_1_117' title='bbox 257 1663 347 1724; x_wconf 83' lang='lat' dir='ltr'><strong>hebet</strong></span> <span class='ocrx_word' id='word_1_118' title='bbox 370 1681 474 1724; x_wconf 88' lang='lat' dir='ltr'><strong>somno</strong></span> <span class='ocrx_word' id='word_1_119' title='bbox 497 1664 659 1743; x_wconf 80' lang='lat' dir='ltr'><strong>refugaque</strong></span> <span class='ocrx_word' id='word_1_120' title='bbox 683 1664 814 1725; x_wconf 90' lang='lat' dir='ltr'><strong>eluditur</strong></span> <span class='ocrx_word' id='word_1_121' title='bbox 836 1664 951 1726; x_wconf 87' lang='lat' dir='ltr'><strong>umbra.</strong></span> 
     </span>
    </p>

    <p class='ocr_par' dir='ltr' id='par_1_13' title="bbox 124 1753 1075 1922">
     <span class='ocr_line' id='line_1_18' title="bbox 124 1753 1075 1836; baseline 0.001 -21"><span class='ocrx_word' id='word_1_122' title='bbox 124 1762 189 1815; x_wconf 93' lang='lat' dir='ltr'><strong>tum</strong></span> <span class='ocrx_word' id='word_1_123' title='bbox 211 1753 353 1834; x_wconf 77' lang='lat' dir='ltr'><strong>lacrimiS,</strong></span> <span class='ocrx_word' id='word_1_124' title='bbox 376 1761 440 1813; x_wconf 94' lang='lat' dir='ltr'><strong>tum</strong></span> <span class='ocrx_word' id='word_1_125' title='bbox 463 1771 538 1813; x_wconf 87' lang='lat' dir='ltr'><strong>uoce</strong></span> <span class='ocrx_word' id='word_1_126' title='bbox 561 1755 659 1833; x_wconf 86' lang='lat' dir='ltr'><strong>sequi,</strong></span> <span class='ocrx_word' id='word_1_127' title='bbox 682 1761 746 1813; x_wconf 90' lang='lat' dir='ltr'><strong>tum</strong></span> <span class='ocrx_word' id='word_1_128' title='bbox 768 1771 909 1833; x_wconf 88' lang='lat' dir='ltr'><strong>rumpere</strong></span> <span class='ocrx_word' id='word_1_129' title='bbox 932 1763 1075 1836; x_wconf 80' lang='lat' dir='ltr'><strong>questns3</strong></span> 
     </span>
     <span class='ocr_line' id='line_1_19' title="bbox 125 1842 970 1922; baseline -0.001 -19"><span class='ocrx_word' id='word_1_130' title='bbox 125 1861 193 1903; x_wconf 91' lang='lat' dir='ltr'><strong>cum</strong></span> <span class='ocrx_word' id='word_1_131' title='bbox 216 1861 306 1921; x_wconf 87' lang='lat' dir='ltr'><strong>seper</strong></span> <span class='ocrx_word' id='word_1_132' title='bbox 329 1850 359 1902; x_wconf 91' lang='lat' dir='ltr'><strong>et</strong></span> <span class='ocrx_word' id='word_1_133' title='bbox 382 1861 459 1903; x_wconf 87' lang='lat' dir='ltr'><strong>uano</strong></span> <span class='ocrx_word' id='word_1_134' title='bbox 483 1860 552 1922; x_wconf 90' lang='lat' dir='ltr'><strong>spes</strong></span> <span class='ocrx_word' id='word_1_135' title='bbox 574 1849 685 1902; x_wconf 91' lang='lat' dir='ltr'><strong>maesta</strong></span> <span class='ocrx_word' id='word_1_136' title='bbox 707 1842 870 1903; x_wconf 87' lang='lat' dir='ltr'><strong>resoluitur</strong></span> <span class='ocrx_word' id='word_1_137' title='bbox 893 1850 970 1904; x_wconf 88' lang='lat' dir='ltr'><strong>actu.</strong></span> 
     </span>
    </p>

    <p class='ocr_par' dir='ltr' id='par_1_14' title="bbox 125 1931 904 2010">
     <span class='ocr_line' id='line_1_20' title="bbox 125 1931 904 2010; baseline 0 -20"><span class='ocrx_word' id='word_1_138' title='bbox 125 1932 237 1992; x_wconf 89' lang='lat' dir='ltr'><strong>lluctus</strong></span> <span class='ocrx_word' id='word_1_139' title='bbox 262 1931 298 1990; x_wconf 94' lang='lat' dir='ltr'><strong>ab</strong></span> <span class='ocrx_word' id='word_1_140' title='bbox 322 1931 463 1991; x_wconf 84' lang='lat' dir='ltr'><strong>undisoni</strong></span> <span class='ocrx_word' id='word_1_141' title='bbox 486 1949 542 1991; x_wconf 90' lang='lat' dir='ltr'><strong>ceu</strong></span> <span class='ocrx_word' id='word_1_142' title='bbox 565 1932 642 1991; x_wconf 84' lang='lat' dir='ltr'><strong>forte</strong></span> <span class='ocrx_word' id='word_1_143' title='bbox 666 1931 818 2010; x_wconf 88' lang='lat' dir='ltr'><strong>crepidine</strong></span> <span class='ocrx_word' id='word_1_144' title='bbox 842 1933 904 1992; x_wconf 87' lang='lat' dir='ltr'><strong>saxi</strong></span> 
     </span>
    </p>

    <p class='ocr_par' dir='ltr' id='par_1_15' title="bbox 124 2018 1146 2280">
     <span class='ocr_line' id='line_1_21' title="bbox 125 2018 1146 2102; baseline 0.003 -23"><span class='ocrx_word' id='word_1_145' title='bbox 125 2038 194 2080; x_wconf 94' lang='lat' dir='ltr'><strong>cum</strong></span> <span class='ocrx_word' id='word_1_146' title='bbox 217 2022 296 2097; x_wconf 87' lang='lat' dir='ltr'><strong>rapit</strong></span> <span class='ocrx_word' id='word_1_147' title='bbox 317 2019 476 2098; x_wconf 83' lang='lat' dir='ltr'><strong>halcyones</strong></span> <span class='ocrx_word' id='word_1_148' title='bbox 502 2021 628 2079; x_wconf 89' lang='lat' dir='ltr'><strong>miserae</strong></span> <span class='ocrx_word' id='word_1_149' title='bbox 652 2020 805 2097; x_wconf 86' lang='lat' dir='ltr'><strong>letumque</strong></span> <span class='ocrx_word' id='word_1_150' title='bbox 827 2018 990 2102; x_wconf 82' lang='lat' dir='ltr'><strong>laremque,</strong></span> <span class='ocrx_word' id='word_1_151' title='bbox 1028 2044 1032 2049; x_wconf 91' lang='lat'><strong>·</strong></span> <span class='ocrx_word' id='word_1_152' title='bbox 1108 2032 1146 2082; x_wconf 67' lang='lat' dir='ltr'><strong>ce</strong></span> 
     </span>
     <span class='ocr_line' id='line_1_22' title="bbox 124 2107 1141 2187; baseline 0.004 -20"><span class='ocrx_word' id='word_1_153' title='bbox 124 2111 149 2169; x_wconf 92' lang='lat' dir='ltr'><strong>it</strong></span> <span class='ocrx_word' id='word_1_154' title='bbox 172 2126 262 2187; x_wconf 91' lang='lat' dir='ltr'><strong>super</strong></span> <span class='ocrx_word' id='word_1_155' title='bbox 285 2126 374 2187; x_wconf 86' lang='lat' dir='ltr'><strong>aegra</strong></span> <span class='ocrx_word' id='word_1_156' title='bbox 395 2126 504 2187; x_wconf 89' lang='lat' dir='ltr'><strong>parens</strong></span> <span class='ocrx_word' id='word_1_157' title='bbox 528 2109 724 2186; x_wconf 87' lang='lat' dir='ltr'><strong>queriturque</strong></span> <span class='ocrx_word' id='word_1_158' title='bbox 747 2107 940 2170; x_wconf 85' lang='lat' dir='ltr'><strong>tumentibus¹</strong></span> <span class='ocrx_word' id='word_1_159' title='bbox 956 2109 1046 2171; x_wconf 79' lang='lat' dir='ltr'><strong>undis</strong></span> <span class='ocrx_word' id='word_1_160' title='bbox 1137 2155 1141 2161; x_wconf 85' lang='lat'><em>-</em></span> 
     </span>
     <span class='ocr_line' id='line_1_23' title="bbox 125 2196 1030 2280; baseline 0.002 -23"><span class='ocrx_word' id='word_1_161' title='bbox 125 2206 207 2258; x_wconf 83' lang='lat' dir='ltr'><strong>certa</strong></span> <span class='ocrx_word' id='word_1_162' title='bbox 230 2199 328 2278; x_wconf 84' lang='lat' dir='ltr'><strong>sequi,</strong></span> <span class='ocrx_word' id='word_1_163' title='bbox 353 2214 542 2276; x_wconf 86' lang='lat' dir='ltr'><strong>quecumque</strong></span> <span class='ocrx_word' id='word_1_164' title='bbox 567 2196 676 2276; x_wconf 89' lang='lat' dir='ltr'><strong>lerant,</strong></span> <span class='ocrx_word' id='word_1_165' title='bbox 699 2196 847 2276; x_wconf 91' lang='lat' dir='ltr'><strong>audetque</strong></span> <span class='ocrx_word' id='word_1_166' title='bbox 869 2205 1030 2280; x_wconf 82' lang='lat' dir='ltr'><strong>pauetque,</strong></span> 
     </span>
    </p>

    <p class='ocr_par' dir='ltr' id='par_1_16' title="bbox 124 2285 1084 2368">
     <span class='ocr_line' id='line_1_24' title="bbox 124 2285 1084 2368; baseline 0.005 -24"><span class='ocrx_word' id='word_1_167' title='bbox 124 2288 207 2345; x_wconf 91' lang='lat' dir='ltr'><strong>uicta</strong></span> <span class='ocrx_word' id='word_1_168' title='bbox 230 2286 341 2346; x_wconf 77' lang='lat' dir='ltr'><strong>fatiscit</strong></span> <span class='ocrx_word' id='word_1_169' title='bbox 364 2288 448 2364; x_wconf 90' lang='lat' dir='ltr'><strong>aquis</strong></span> <span class='ocrx_word' id='word_1_170' title='bbox 471 2285 566 2346; x_wconf 87' lang='lat' dir='ltr'><strong>denec</strong></span> <span class='ocrx_word' id='word_1_171' title='bbox 590 2285 696 2345; x_wconf 85' lang='lat' dir='ltr'><strong>demus</strong></span> <span class='ocrx_word' id='word_1_172' title='bbox 719 2285 883 2365; x_wconf 89' lang='lat' dir='ltr'><strong>haustaque</strong></span> <span class='ocrx_word' id='word_1_173' title='bbox 906 2285 1001 2347; x_wconf 89' lang='lat' dir='ltr'><strong>lluctu</strong></span> <span class='ocrx_word' id='word_1_174' title='bbox 1025 2295 1084 2368; x_wconf 81' lang='lat' dir='ltr'><strong>est3</strong></span> 
     </span>
    </p>
   </div>
   <div class='ocr_carea' id='block_1_5' title="bbox 44 2372 873 2436">
    <p class='ocr_par' dir='ltr' id='par_1_17' title="bbox 44 2372 873 2436">
     <span class='ocr_line' id='line_1_25' title="bbox 44 2372 873 2436; baseline 0.004 -4"><span class='ocrx_word' id='word_1_175' title='bbox 44 2376 47 2383; x_wconf 86' lang='lat'>&#39;</span> <span class='ocrx_word' id='word_1_176' title='bbox 125 2372 176 2433; x_wconf 91' lang='lat' dir='ltr'><strong>illa</strong></span> <span class='ocrx_word' id='word_1_177' title='bbox 199 2372 302 2433; x_wconf 89' lang='lat' dir='ltr'><strong>delens</strong></span> <span class='ocrx_word' id='word_1_178' title='bbox 327 2392 431 2434; x_wconf 88' lang='lat' dir='ltr'><strong>uocem</strong></span> <span class='ocrx_word' id='word_1_179' title='bbox 454 2373 536 2434; x_wconf 89' lang='lat' dir='ltr'><strong>dedit</strong></span> <span class='ocrx_word' id='word_1_180' title='bbox 559 2381 589 2432; x_wconf 87' lang='lat' dir='ltr'><strong>et</strong></span> <span class='ocrx_word' id='word_1_181' title='bbox 613 2390 644 2433; x_wconf 90' lang='lat' dir='ltr'><strong>se</strong></span> <span class='ocrx_word' id='word_1_182' title='bbox 669 2373 789 2435; x_wconf 91' lang='lat' dir='ltr'><strong>sustulit</strong></span> <span class='ocrx_word' id='word_1_183' title='bbox 811 2373 873 2436; x_wconf 87' lang='lat' dir='ltr'><strong>alis.</strong></span> 
     </span>
    </p>
   </div>
   <div class='ocr_carea' id='block_1_6' title="bbox 118 2459 1146 3609">
    <p class='ocr_par' dir='ltr' id='par_1_18' title="bbox 121 2459 1146 3162">
     <span class='ocr_line' id='line_1_26' title="bbox 127 2459 1146 2527; baseline 0.006 -7"><span class='ocrx_word' id='word_1_184' title='bbox 127 2461 199 2522; x_wconf 88' lang='lat' dir='ltr'><strong>haut</strong></span> <span class='ocrx_word' id='word_1_185' title='bbox 222 2461 308 2521; x_wconf 89' lang='lat' dir='ltr'><strong>aliter</strong></span> <span class='ocrx_word' id='word_1_186' title='bbox 331 2464 428 2522; x_wconf 87' lang='lat' dir='ltr'><strong>somni</strong></span> <span class='ocrx_word' id='word_1_187' title='bbox 451 2469 582 2522; x_wconf 90' lang='lat' dir='ltr'><strong>maestus</strong></span> <span class='ocrx_word' id='word_1_188' title='bbox 605 2459 697 2522; x_wconf 85' lang='lat' dir='ltr'><strong>labor.</strong></span> <span class='ocrx_word' id='word_1_189' title='bbox 744 2462 825 2523; x_wconf 87' lang='lat' dir='ltr'><strong>exilit</strong></span> <span class='ocrx_word' id='word_1_190' title='bbox 847 2481 950 2524; x_wconf 88' lang='lat' dir='ltr'><strong>amens</strong></span> <span class='ocrx_word' id='word_1_191' title='bbox 1109 2478 1146 2527; x_wconf 76' lang='lat'><strong>50</strong></span> 
     </span>
     <span class='ocr_line' id='line_1_27' title="bbox 124 2545 972 2633; baseline 0.004 -23"><span class='ocrx_word' id='word_1_192' title='bbox 124 2551 288 2629; x_wconf 77' lang='lat' dir='ltr'><strong>effusisque</strong></span> <span class='ocrx_word' id='word_1_193' title='bbox 312 2569 402 2629; x_wconf 86' lang='lat' dir='ltr'><strong>genas</strong></span> <span class='ocrx_word' id='word_1_194' title='bbox 424 2550 555 2610; x_wconf 90' lang='lat' dir='ltr'><strong>lacrimis</strong></span> <span class='ocrx_word' id='word_1_195' title='bbox 577 2552 662 2629; x_wconf 82' lang='lat' dir='ltr'><strong>rigat.</strong></span> <span class='ocrx_word' id='word_1_196' title='bbox 708 2545 841 2612; x_wconf 82' lang='lat' dir='ltr'><strong>‘ibimus&#39;</strong></span> <span class='ocrx_word' id='word_1_197' title='bbox 864 2554 972 2633; x_wconf 88' lang='lat' dir='ltr'><strong>inquit,</strong></span> 
     </span>
     <span class='ocr_line' id='line_1_28' title="bbox 126 2633 958 2722; baseline 0.002 -24"><span class='ocrx_word' id='word_1_198' title='bbox 126 2633 220 2700; x_wconf 80' lang='lat' dir='ltr'><strong>‘solus</strong></span> <span class='ocrx_word' id='word_1_199' title='bbox 245 2648 276 2699; x_wconf 91' lang='lat' dir='ltr'><strong>et</strong></span> <span class='ocrx_word' id='word_1_200' title='bbox 297 2639 353 2700; x_wconf 87' lang='lat' dir='ltr'><strong>hes</strong></span> <span class='ocrx_word' id='word_1_201' title='bbox 375 2647 492 2700; x_wconf 85' lang='lat' dir='ltr'><strong>montes</strong></span> <span class='ocrx_word' id='word_1_202' title='bbox 515 2637 692 2718; x_wconf 87' lang='lat' dir='ltr'><strong>desertaque</strong></span> <span class='ocrx_word' id='word_1_203' title='bbox 716 2640 809 2700; x_wconf 90' lang='lat' dir='ltr'><strong>lustra</strong></span> <span class='ocrx_word' id='word_1_204' title='bbox 833 2640 958 2722; x_wconf 87' lang='lat' dir='ltr'><strong>tenebis,</strong></span> 
     </span>
     <span class='ocr_line' id='line_1_29' title="bbox 124 2724 903 2808; baseline 0.003 -20"><span class='ocrx_word' id='word_1_205' title='bbox 124 2747 192 2788; x_wconf 91' lang='lat' dir='ltr'><strong>care</strong></span> <span class='ocrx_word' id='word_1_206' title='bbox 216 2746 305 2808; x_wconf 87' lang='lat' dir='ltr'><strong>puer,</strong></span> <span class='ocrx_word' id='word_1_207' title='bbox 328 2747 383 2788; x_wconf 90' lang='lat' dir='ltr'><strong>nec</strong></span> <span class='ocrx_word' id='word_1_208' title='bbox 407 2748 456 2789; x_wconf 90' lang='lat' dir='ltr'><strong>res</strong></span> <span class='ocrx_word' id='word_1_209' title='bbox 480 2728 559 2788; x_wconf 93' lang='lat' dir='ltr'><strong>ultra</strong></span> <span class='ocrx_word' id='word_1_210' title='bbox 581 2727 729 2789; x_wconf 87' lang='lat' dir='ltr'><strong>mirabere</strong></span> <span class='ocrx_word' id='word_1_211' title='bbox 752 2724 903 2790; x_wconf 56' lang='lat' dir='ltr'><strong>nostras?</strong></span> 
     </span>
     <span class='ocr_line' id='line_1_30' title="bbox 122 2816 1040 2895; baseline 0.004 -20"><span class='ocrx_word' id='word_1_212' title='bbox 122 2816 195 2876; x_wconf 90' lang='lat' dir='ltr'><strong>baec</strong></span> <span class='ocrx_word' id='word_1_213' title='bbox 219 2817 296 2876; x_wconf 86' lang='lat' dir='ltr'><strong>latus</strong></span> <span class='ocrx_word' id='word_1_214' title='bbox 319 2816 483 2895; x_wconf 83' lang='lat' dir='ltr'><strong>relegitque</strong></span> <span class='ocrx_word' id='word_1_215' title='bbox 506 2819 575 2876; x_wconf 89' lang='lat' dir='ltr'><strong>uias</strong></span> <span class='ocrx_word' id='word_1_216' title='bbox 598 2825 628 2878; x_wconf 91' lang='lat' dir='ltr'><strong>et</strong></span> <span class='ocrx_word' id='word_1_217' title='bbox 650 2816 777 2878; x_wconf 86' lang='lat' dir='ltr'><strong>uallibus</strong></span> <span class='ocrx_word' id='word_1_218' title='bbox 799 2819 860 2879; x_wconf 90' lang='lat' dir='ltr'><strong>exit</strong></span> <span class='ocrx_word' id='word_1_219' title='bbox 1036 2870 1040 2879; x_wconf 93' lang='grc'><em>,</em></span> 
     </span>
     <span class='ocr_line' id='line_1_31' title="bbox 121 2903 1140 2985; baseline 0.004 -21"><span class='ocrx_word' id='word_1_220' title='bbox 121 2907 267 2984; x_wconf 88' lang='lat' dir='ltr'><strong>incertus,</strong></span> <span class='ocrx_word' id='word_1_221' title='bbox 291 2903 361 2982; x_wconf 89' lang='lat' dir='ltr'><strong>quid</strong></span> <span class='ocrx_word' id='word_1_222' title='bbox 384 2903 458 2965; x_wconf 90' lang='lat' dir='ltr'><strong>lune</strong></span> <span class='ocrx_word' id='word_1_223' title='bbox 482 2906 571 2985; x_wconf 85' lang='lat' dir='ltr'><strong>serat,</strong></span> <span class='ocrx_word' id='word_1_224' title='bbox 595 2923 668 2983; x_wconf 89' lang='lat' dir='ltr'><strong>quas</strong></span> <span class='ocrx_word' id='word_1_225' title='bbox 691 2914 813 2985; x_wconf 89' lang='lat' dir='ltr'><strong>apparet</strong></span> <span class='ocrx_word' id='word_1_226' title='bbox 835 2909 903 2968; x_wconf 89' lang='lat' dir='ltr'><strong>iras.</strong></span> <span class='ocrx_word' id='word_1_227' title='bbox 1101 2920 1140 2968; x_wconf 71' lang='lat'><strong>65</strong></span> 
     </span>
     <span class='ocr_line' id='line_1_32' title="bbox 122 2993 970 3074; baseline 0.002 -21"><span class='ocrx_word' id='word_1_228' title='bbox 122 3011 178 3053; x_wconf 92' lang='lat' dir='ltr'><strong>nec</strong></span> <span class='ocrx_word' id='word_1_229' title='bbox 201 2995 300 3053; x_wconf 91' lang='lat' dir='ltr'><strong>minus</strong></span> <span class='ocrx_word' id='word_1_230' title='bbox 324 3001 354 3054; x_wconf 91' lang='lat' dir='ltr'><strong>et</strong></span> <span class='ocrx_word' id='word_1_231' title='bbox 376 2996 473 3055; x_wconf 86' lang='lat' dir='ltr'><strong>socios</strong></span> <span class='ocrx_word' id='word_1_232' title='bbox 497 2995 594 3054; x_wconf 90' lang='lat' dir='ltr'><strong>cernit</strong></span> <span class='ocrx_word' id='word_1_233' title='bbox 616 2993 721 3073; x_wconf 82' lang='lat' dir='ltr'><strong>procul</strong></span> <span class='ocrx_word' id='word_1_234' title='bbox 744 3012 873 3074; x_wconf 85' lang='lat' dir='ltr'><strong>aequore</strong></span> <span class='ocrx_word' id='word_1_235' title='bbox 897 2996 970 3055; x_wconf 87' lang='lat' dir='ltr'><strong>lerri</strong></span> 
     </span>
     <span class='ocr_line' id='line_1_33' title="bbox 121 3082 936 3162; baseline 0.004 -22"><span class='ocrx_word' id='word_1_236' title='bbox 121 3083 300 3160; x_wconf 87' lang='lat' dir='ltr'><strong>praecipites</strong></span> <span class='ocrx_word' id='word_1_237' title='bbox 322 3084 505 3161; x_wconf 86' lang='lat' dir='ltr'><strong>tacitmuque</strong></span> <span class='ocrx_word' id='word_1_238' title='bbox 527 3082 620 3162; x_wconf 91' lang='lat' dir='ltr'><strong>pudet</strong></span> <span class='ocrx_word' id='word_1_239' title='bbox 642 3084 775 3161; x_wconf 86' lang='lat' dir='ltr'><strong>putuisse</strong></span> <span class='ocrx_word' id='word_1_240' title='bbox 799 3084 936 3162; x_wconf 90' lang='lat' dir='ltr'><strong>relinqui.</strong></span> 
     </span>
    </p>

    <p class='ocr_par' dir='ltr' id='par_1_19' title="bbox 118 3169 1138 3609">
     <span class='ocr_line' id='line_1_34' title="bbox 166 3169 1111 3251; baseline 0.007 -23"><span class='ocrx_word' id='word_1_241' title='bbox 166 3169 286 3248; x_wconf 90' lang='lat' dir='ltr'><strong>lamque</strong></span> <span class='ocrx_word' id='word_1_242' title='bbox 309 3172 367 3230; x_wconf 91' lang='lat' dir='ltr'><strong>iter</strong></span> <span class='ocrx_word' id='word_1_243' title='bbox 389 3172 425 3231; x_wconf 93' lang='lat' dir='ltr'><strong>ad</strong></span> <span class='ocrx_word' id='word_1_244' title='bbox 449 3171 582 3232; x_wconf 83' lang='lat' dir='ltr'><strong>Teucros</strong></span> <span class='ocrx_word' id='word_1_245' title='bbox 605 3171 701 3250; x_wconf 88' lang='lat' dir='ltr'><strong>adque</strong></span> <span class='ocrx_word' id='word_1_246' title='bbox 724 3171 841 3251; x_wconf 84' lang='lat' dir='ltr'><strong>hospita</strong></span> <span class='ocrx_word' id='word_1_247' title='bbox 863 3175 981 3233; x_wconf 85' lang='lat' dir='ltr'><strong>moenia</strong></span> <span class='ocrx_word' id='word_1_248' title='bbox 1004 3173 1111 3235; x_wconf 70' lang='lat' dir='ltr'><strong>Treim</strong></span> 
     </span>
     <span class='ocr_line' id='line_1_35' title="bbox 121 3257 834 3341; baseline 0.004 -23"><span class='ocrx_word' id='word_1_249' title='bbox 121 3258 245 3319; x_wconf 90' lang='lat' dir='ltr'><strong>llexerat</strong></span> <span class='ocrx_word' id='word_1_250' title='bbox 268 3257 348 3318; x_wconf 89' lang='lat' dir='ltr'><strong>lliaci</strong></span> <span class='ocrx_word' id='word_1_251' title='bbox 370 3267 510 3341; x_wconf 89' lang='lat' dir='ltr'><strong>repetens</strong></span> <span class='ocrx_word' id='word_1_252' title='bbox 532 3262 679 3338; x_wconf 86' lang='lat' dir='ltr'><strong>promissa</strong></span> <span class='ocrx_word' id='word_1_253' title='bbox 702 3263 834 3340; x_wconf 80' lang='lat' dir='ltr'><strong>tyranni3</strong></span> 
     </span>
     <span class='ocr_line' id='line_1_36' title="bbox 121 3346 1138 3429; baseline 0.007 -23"><span class='ocrx_word' id='word_1_254' title='bbox 121 3365 190 3407; x_wconf 91' lang='lat' dir='ltr'><strong>cum</strong></span> <span class='ocrx_word' id='word_1_255' title='bbox 213 3355 325 3407; x_wconf 87' lang='lat' dir='ltr'><strong>maeste</strong></span> <span class='ocrx_word' id='word_1_256' title='bbox 348 3346 461 3429; x_wconf 80' lang='lat' dir='ltr'><strong>Latena</strong></span> <span class='ocrx_word' id='word_1_257' title='bbox 484 3346 571 3408; x_wconf 89' lang='lat' dir='ltr'><strong>simul</strong></span> <span class='ocrx_word' id='word_1_258' title='bbox 595 3348 745 3427; x_wconf 90' lang='lat' dir='ltr'><strong>Dianaque</strong></span> <span class='ocrx_word' id='word_1_259' title='bbox 769 3350 856 3410; x_wconf 88' lang='lat' dir='ltr'><strong>uultu</strong></span> <span class='ocrx_word' id='word_1_260' title='bbox 1100 3363 1138 3413; x_wconf 75' lang='lat' dir='ltr'><strong>eb</strong></span> 
     </span>
     <span class='ocr_line' id='line_1_37' title="bbox 121 3435 1028 3518; baseline 0.004 -23"><span class='ocrx_word' id='word_1_261' title='bbox 121 3443 188 3496; x_wconf 90' lang='lat' dir='ltr'><strong>ante</strong></span> <span class='ocrx_word' id='word_1_262' title='bbox 212 3435 323 3496; x_wconf 89' lang='lat' dir='ltr'><strong>leuem</strong></span> <span class='ocrx_word' id='word_1_263' title='bbox 337 3439 420 3497; x_wconf 88' lang='lat' dir='ltr'><strong>stetit</strong></span> <span class='ocrx_word' id='word_1_264' title='bbox 443 3446 473 3496; x_wconf 89' lang='lat' dir='ltr'><strong>et</strong></span> <span class='ocrx_word' id='word_1_265' title='bbox 496 3435 620 3516; x_wconf 90' lang='lat' dir='ltr'><strong>supplex</strong></span> <span class='ocrx_word' id='word_1_266' title='bbox 643 3439 686 3497; x_wconf 90' lang='lat' dir='ltr'><strong>sic</strong></span> <span class='ocrx_word' id='word_1_267' title='bbox 710 3438 789 3498; x_wconf 91' lang='lat' dir='ltr'><strong>latur</strong></span> <span class='ocrx_word' id='word_1_268' title='bbox 812 3438 942 3518; x_wconf 64' lang='lat' dir='ltr'><strong>Apellea</strong></span> <span class='ocrx_word' id='word_1_269' title='bbox 1026 3469 1028 3473; x_wconf 54' lang='lat'>&lt;</span> 
     </span>
     <span class='ocr_line' id='line_1_38' title="bbox 118 3519 1066 3609; baseline 0.007 -29"><span class='ocrx_word' id='word_1_270' title='bbox 118 3519 156 3581; x_wconf 79' lang='lat'><em>‘1¹11</em></span> <span class='ocrx_word' id='word_1_271' title='bbox 178 3543 271 3602; x_wconf 79' lang='lat' dir='ltr'><strong>quem</strong></span> <span class='ocrx_word' id='word_1_272' title='bbox 293 3523 386 3585; x_wconf 87' lang='lat' dir='ltr'><strong>alium</strong></span> <span class='ocrx_word' id='word_1_273' title='bbox 408 3524 546 3609; x_wconf 78' lang='lat' dir='ltr'><strong>Alciden,</strong></span> <span class='ocrx_word' id='word_1_274' title='bbox 569 3527 601 3587; x_wconf 90' lang='lat' dir='ltr'><strong>iu</strong></span> <span class='ocrx_word' id='word_1_275' title='bbox 623 3543 699 3605; x_wconf 88' lang='lat' dir='ltr'><strong>quae</strong></span> <span class='ocrx_word' id='word_1_276' title='bbox 723 3528 782 3586; x_wconf 93' lang='lat' dir='ltr'><strong>iam</strong></span> <span class='ocrx_word' id='word_1_277' title='bbox 805 3536 939 3606; x_wconf 88' lang='lat' dir='ltr'><strong>tempera</strong></span> <span class='ocrx_word' id='word_1_278' title='bbox 961 3527 1066 3589; x_wconf 81' lang='lat' dir='ltr'><strong>differs</strong></span> 
     </span>
    </p>
   </div>
   <div class='ocr_carea' id='block_1_7' title="bbox 0 0 1196 3878">
    <p class='ocr_par' dir='ltr' id='par_1_20' title="bbox 0 0 1196 3878">
     <span class='ocr_line' id='line_1_39' title="bbox 0 0 1196 3878; baseline 0 2"><span class='ocrx_word' id='word_1_279' title='bbox 0 0 1196 3878; x_wconf 95' lang='lat' dir='ltr'><strong> </strong></span> 
     </span>
    </p>
   </div>
  </div>
 </body>
</html>
