2384 3878
64 115 127 180 132
405 111 434 167 0.
453 112 590 167 VALERI
607 111 736 167 FLAOOI

5 342 9 348 Ι
58 265 196 327 cantibus
219 267 250 325 in
273 283 393 326 somnos
415 264 529 345 ingenti
551 264 646 325 soluat
669 264 706 325 ab
729 282 812 324 orno,

61 354 135 415 haec
157 353 224 415 tibi:
248 372 317 415 nam
339 353 438 414 Furiis
462 355 557 432 adque
581 356 638 433 ipsi
662 362 762 415 cetera
784 347 912 414 mando?
1028 365 1080 415 1⁷0

107 443 185 504 Tum
208 451 312 505 contra
336 443 480 522 aligerum
502 450 597 503 mater
621 445 664 503 sic
687 443 767 503 fatur
789 442 946 503 limorum:

63 526 131 592 ‘nec
154 531 222 612 tibi,
246 550 315 593 cum
337 534 449 610 primos
473 533 612 610 adgressa
636 549 668 592 es
691 531 814 592 flectere
838 548 945 593 sensus

61 622 187 700 uirginis
210 622 370 700 ignotaque
394 623 525 682 animum
548 623 721 699 contingere
744 638 825 701 cura,
878 664 887 680 .

60 705 226 790 defuimus,
250 709 317 770 data
340 711 482 770 continuo
506 712 579 788 quin
602 708 719 788 cingrda
743 709 798 769 soli

64 804 168 859 nostra
190 797 258 877 tibi,
282 799 350 876 quis
372 806 452 859 mota
474 798 540 859 loco
563 796 765 877 labefactaque
789 799 888 858 cessit.
1028 807 1080 857 111
1156 848 1160 855 .

63 886 137 946 haut
160 888 232 946 satis
256 894 314 968 est,
338 887 390 947 sed
414 904 460 946 me
484 887 548 966 ipsa
572 905 660 969 opuS,
683 895 714 947 11
737 887 906 947 cunctantia
928 892 1058 965 poscunt

63 983 185 1055 pectora
208 992 255 1034 me
279 973 447 1055 dubiusque
470 976 581 1055 pudor:
600 977 658 1035 iam
681 975 801 1036 foedera
824 975 891 1035 faxo

60 1063 215 1124 Haemonii
237 1070 319 1142 petat
341 1066 405 1143 ipsa
428 1065 488 1124 uiri
511 1071 682 1143 metuatque
706 1066 824 1125 morari.

59 1159 94 1212 tu
117 1153 180 1212 face
203 1151 345 1212 luciferae
369 1154 447 1212 citus
471 1152 506 1212 ad
530 1152 653 1213 delubra
676 1152 784 1214 Dianae

61 1241 215 1320 deueniat,
238 1256 337 1300 sacras
361 1240 446 1301 solita
470 1249 516 1301 est
538 1240 591 1302 ubi
614 1241 740 1302 fundere
763 1241 864 1303 taedas
1027 1250 1078 1301 180

62 1327 179 1389 Colchis
203 1335 234 1388 11
257 1329 372 1407 aequali
395 1329 544 1390 dominam
567 1328 695 1391 lustrare
718 1339 847 1392 caterua.

64 1425 172 1478 necte
196 1435 276 1477 nunc
299 1417 426 1479 Hecates
449 1417 554 1480 subeat
577 1427 687 1500 metus,
710 1427 761 1480 aut
784 1435 848 1479 mea
872 1418 950 1478 forte

64 1506 205 1585 impediat
228 1524 266 1566 ne
290 1515 395 1586 coepta
417 1508 498 1566 time.
544 1510 617 1587 quin
640 1507 746 1568 audeat
769 1515 852 1587 opto:

63 1595 204 1656 continuo
229 1593 367 1655 transibit
390 1612 486 1676 amor,
509 1603 657 1674 cantuque
681 1596 815 1676 trilingui
1164 1666 1167 1671 ,

60 1685 155 1762 ipsam
177 1682 369 1753 flammiferos
393 1701 497 1762 cogam
519 1701 701 1763 conpescere
724 1693 827 1745 tauros
1026 1690 1077 1743 181

61 1772 287 1852 amplexumque
310 1767 393 1851 pati'
438 1771 594 1833 uolucrem
617 1771 691 1833 luno
715 1775 820 1852 arripit
843 1770 905 1831 lrin

60 1861 258 1939 festinamque
282 1858 366 1920 iubet
388 1863 509 1921 monitis
531 1879 637 1940 parere
661 1860 771 1922 Diones

62 1956 92 2009 11
114 1950 255 2008 iuuenem
278 1948 440 2010 Aesonium
462 1949 615 2028 praedicto
639 1952 745 2011 sistere
769 1947 846 2010 luco.

60 2039 198 2116 protinus
221 2037 291 2097 hino
315 2036 371 2096 lris
394 2037 520 2119 Minyas,
544 2037 689 2117 Cytherea
712 2039 820 2118 petiuit

63 2124 395 2206 Colchida;.Caucaseis
419 2127 599 2206 speculatrix
621 2125 695 2186 luno
718 2126 830 2187 resedit
1027 2134 1078 2185 111)

61 2212 202 2293 rupibus,
226 2217 367 2275 attonitos
390 2215 485 2275 Aeaea
507 2217 539 2275 in
562 2217 678 2276 moenia
701 2214 803 2276 uultus

61 2320 174 2380 speque
198 2309 339 2380 metuque
363 2310 469 2363 tenens
493 2311 523 2364 11
546 2304 642 2364 adhuc
665 2306 767 2382 ignara
789 2303 892 2363 futuri.

105 2389 162 2450 Uix
183 2392 294 2470 primas
318 2389 434 2451 occidte
456 2390 556 2452 Venus
578 2399 772 2471 prospexerat
795 2408 889 2471 arces,

64 2480 190 2558 uirginis
214 2497 283 2540 ecce
307 2497 405 2540 nouus
429 2489 559 2541 mentem
581 2482 784 2560 perstringere
807 2480 934 2558 languor

63 2569 180 2647 incipit3
203 2570 387 2646 ingeminant
410 2572 567 2630 commotis
590 2569 747 2649 questibus
770 2576 879 2629 aestus.

65 2674 137 2734 ergo
161 2659 272 2718 iterum
295 2675 402 2718 sensus
425 2659 526 2718 uarios
546 2676 640 2737 ,super
662 2658 779 2737 hospite
802 2656 929 2718 uoluens

61 2752 176 2805 maeret
198 2752 229 2805 et
247 2745 363 2806 absenti
386 2748 567 2825 nequiquam
590 2745 659 2806 talia
682 2746 776 2807 fatur:

61 2827 100 2892 ‘si
122 2832 176 2893 tibi
199 2833 378 2893 Thessalicis
401 2851 481 2894 nunc
505 2843 535 2894 11
558 2842 609 2895 tua
633 2835 709 2895 forte
732 2836 858 2895 uenenis

63 2929 158 2981 mater
182 2930 212 2982 11
234 2922 309 3002 heu,
332 2925 417 3000 siqua
440 2930 499 3003 est,
521 2930 623 3002 posset
647 2941 824 2984 succurrere
841 2918 991 2983 coniunxi

64 3009 174 3088 quidne
198 3018 266 3071 tuos
289 3013 375 3089 uirgo
398 3013 512 3090 possim
534 3013 592 3071 nisi
614 3010 687 3071 llere
709 3007 848 3072 labores?

62 3116 119 3158 nec
142 3101 227 3178 satis3
249 3101 314 3178 ipsa
337 3101 427 3160 etiam
449 3118 536 3161 casus
559 3107 694 3179 spectare
718 3117 874 3179 supremos

63 3186 159 3264 adque
183 3188 294 3247 iterum
317 3187 408 3248 durae
433 3206 522 3266 cogar
546 3206 645 3248 comes
668 3190 712 3248 ire
737 3190 842 3248 sorori.

63 3281 94 3334 11
116 3292 197 3335 nunc
220 3273 268 3335 ille
293 3294 346 3336 sna
369 3293 430 3335 non
454 3293 633 3355 quemquam
656 3285 736 3337 sorte
760 3279 885 3358 moueri,

55 3380 122 3420 uon
146 3362 240 3423 ullum
262 3366 435 3425 meminisse
458 3371 557 3446 putat,
581 3382 708 3444 cumque
732 3364 871 3425 omnihus
894 3364 957 3427 odit
1170 3374 1175 3407 ¹

37 3463 92 3503 me
116 3467 250 3529 qnoque.
302 3454 455 3536 siquando
475 3454 570 3518 fuerit
591 3463 695 3516 tamen
713 3453 777 3514 ulla
794 3461 940 3533 potestas,
1030 3464 1084 3515 1111
1161 3468 1176 3555 ,q
