2384 3878
117 183 162 248 44
443 182 472 237 C.
490 183 627 237 VALERI
644 181 773 236 FLACCI

101 333 221 414 clangor
245 343 333 396 etex
357 333 438 394 omni
461 339 627 392 sonuerunt
650 348 762 391 cornua
786 329 883 409 sulco,

100 421 238 483 bellatrix
260 431 333 484 tunc
356 420 441 500 gleha
464 421 546 498 quati
568 421 740 499 pariterque
764 420 861 479 creari

105 514 272 590 armarique
295 510 422 590 phalanx
443 510 573 587 totisque
597 509 754 586 insurgere
778 509 898 586 campis.

102 600 194 661 cessit
216 606 247 660 et
269 598 305 659 ad
328 600 425 659 socios
447 596 570 677 paulum
593 614 625 656 se
648 593 765 656 rettulit
786 594 876 656 heros

102 689 274 770 opperiens,
296 686 348 748 uhi
370 688 466 765 prima
489 683 546 745 sihi
569 684 653 745 daret
676 685 791 763 agmina
813 681 913 744 tellus.

102 783 132 836 at
154 795 229 837 uero
252 783 286 837 ut
309 776 433 837 summis
456 777 514 834 iam
537 791 608 834 rura
631 773 773 833 recedere
796 773 897 832 cristis

102 863 178 925 uidit
201 872 231 926 et
253 866 361 925 infesta
384 861 546 924 uibrantes
560 860 674 922 casside
698 868 802 942 terras,

103 952 221 1014 aduolat
244 962 333 1032 atque
356 954 416 1012 imo
438 950 528 1017 tellus
551 967 609 1029 qua
631 951 764 1028 proxima
789 946 863 1010 collo

102 1041 231 1102 necdum
253 1043 351 1102 umeri
373 1039 476 1101 uidere
496 1038 573 1099 diem
596 1040 680 1118 prior
698 1056 769 1098 ense
793 1038 906 1098 secanti

102 1138 209 1208 aequat
231 1129 321 1190 humo
344 1137 481 1208 truncos3
504 1127 628 1188 rutilum
651 1125 772 1186 thoraca
795 1125 922 1186 leuautis

103 1225 154 1278 aut
175 1220 286 1298 primas
310 1235 345 1277 ec
367 1223 461 1276 matre
485 1233 590 1275 manus
612 1216 722 1294 premit
745 1213 853 1275 obuius
876 1220 954 1285 ante.

103 1324 160 1366 nec
182 1308 276 1385 magis
299 1313 350 1366 aut
372 1303 431 1364 illis
454 1311 505 1364 aut
527 1302 585 1363 illis
608 1302 728 1363 milibus
751 1303 829 1363 ultra

103 1393 227 1476 sufficit,
250 1393 286 1455 ad
309 1394 390 1454 dirae
414 1410 502 1472 quam
526 1410 595 1453 cum
617 1391 790 1471 Tirynthius
812 1391 923 1470 hydrae

104 1485 219 1561 agmina
242 1480 387 1542 Palladios
410 1481 546 1542 defessus
570 1482 694 1560 respicit
715 1482 809 1559 ignes.

103 1588 174 1650 ergo
197 1573 306 1631 iterum
329 1570 365 1630 ad
388 1571 483 1630 socias
507 1576 684 1630 conuertere
709 1567 865 1629 Colchidos
888 1574 976 1646 artes,

105 1666 135 1719 et
157 1658 256 1737 galeae
280 1676 374 1718 nexus
398 1675 431 1718 ac
455 1656 576 1718 uincula
598 1657 722 1736 dissipat
745 1658 829 1738 imae,

104 1754 321 1825 cunctaturque
344 1754 443 1808 tamen
465 1748 580 1825 totique
604 1763 763 1806 occurrere
787 1744 864 1805 hello

103 1837 167 1915 ipse
191 1837 286 1916 cupit3
309 1853 378 1914 spes
402 1834 482 1895 nulla
504 1833 605 1916 datur,
628 1836 671 1894 sic
694 1833 826 1912 undique
850 1832 977 1894 densant

102 1926 269 2002 terrigenae
289 1926 347 1984 iam
371 1925 454 2002 signa
477 1923 583 2004 duces,
607 1921 776 2001 clamorque
799 1920 957 2000 tubaeque.

103 2013 220 2090 iamque
244 2029 347 2072 omnes
370 2011 489 2072 suhiere
512 2013 626 2091 uirum,
649 2013 765 2089 iamque
790 2012 888 2071 omnia
912 2018 1015 2071 eontra

103 2098 162 2160 tela
184 2099 294 2161 uolant.
340 2107 403 2161 tum
426 2117 500 2160 uero
524 2117 625 2160 amens
649 2100 819 2160 discrimine
843 2106 935 2180 tanto,

103 2206 191 2266 quam
214 2187 302 2248 modo
325 2187 468 2249 Tartareo
492 2187 604 2267 galeam
626 2187 728 2248 Medea
752 2205 868 2248 ueneno

103 2365 135 2423 in
157 2364 271 2424 medios
294 2366 394 2444 torsit3
418 2381 581 2424 conuersae
603 2366 742 2442 protinus
765 2363 875 2424 hastae.

25 2509 31 2514 .
104 2451 199 2531 qualis
222 2450 275 2512 uhi
297 2454 437 2512 attonitos
459 2459 588 2512 maestae
612 2450 743 2532 Phrygas
766 2470 863 2513 annua
886 2451 988 2512 Matris

103 2542 148 2600 ira
170 2539 219 2600 uel
242 2548 361 2601 exectos
384 2538 494 2601 lacerat
515 2538 636 2600 Bellona
659 2548 803 2602 comatos:

52 2649 54 2652 ¹
104 2626 183 2688 haud
207 2646 294 2689 secus
317 2647 456 2690 accensas
480 2628 577 2690 subito
600 2628 703 2691 Medea
726 2629 865 2690 cohortes

103 2715 235 2795 implicat
257 2724 287 2777 et
310 2720 435 2778 miseros
458 2719 518 2795 agit
540 2720 571 2777 in
594 2735 648 2778 sua
669 2717 782 2797 proelia
805 2717 921 2778 fratres.

103 2800 200 2865 o'mnis
223 2803 265 2864 ibi
287 2804 454 2865 Aesoniden
477 2807 570 2866 sterni
592 2814 690 2886 putat,
714 2804 851 2866 omnibus
873 2807 919 2866 ira

103 2892 170 2953 talis
194 2901 266 2953 erat.
312 2901 412 2973 stupet
434 2892 541 2954 Aeetes
564 2894 704 2972 ultroque
727 2894 862 2955 furentes

104 2983 168 3060 ipse
191 2983 273 3042 uiros
297 2999 439 3043 reuocare
463 2983 559 3062 cupit,
583 2981 635 3042 sed
659 2990 765 3042 cuncta
787 2981 923 3043 iacebant

105 3071 235 3150 agmina,
258 3088 314 3131 nec
338 3073 495 3149 quisquam
517 3072 631 3149 primus
655 3073 716 3132 ruit
740 3078 790 3131 aut
814 3089 905 3150 super
927 3070 1008 3131 ullus

105 3156 263 3239 linquitur,
287 3166 375 3237 atque
397 3158 497 3219 hausit
520 3158 617 3219 subito
642 3178 695 3220 sua
718 3160 824 3220 funera
847 3158 944 3220 tellus.

148 3244 290 3306 Protinus
312 3249 344 3306 in
366 3246 491 3308 iltruium
514 3247 696 3308 fumantibus
719 3247 817 3308 euolat
840 3249 930 3308 armis

105 3332 279 3413 Aesonides,
303 3333 397 3412 qualis
420 3333 523 3395 Getico
547 3336 583 3395 de
606 3336 731 3415 puluere
754 3336 873 3396 Mauors

94 3421 193 3479 Intrat
216 3424 303 3500 equis
324 3422 484 3505 hauritque
507 3426 607 3503 grauis
626 3424 785 3485 sudoribus
808 3423 955 3506 Hebrum;
1029 3462 1031 3466 ι

79 3514 136 3565 aut
157 3510 252 3588 niger
276 3531 313 3574 01
338 3515 437 3577 antris
461 3513 608 3596 rutilique
631 3533 650 3574 a
669 3512 803 3574 iulminis
824 3520 910 3572 asstu
