2384 3878
134 191 198 255 124
488 189 517 244 C.
535 189 672 244 vntum
690 189 820 272 stapel

133 340 250 403 aduolat
272 340 435 401 Aesonides
458 347 644 418 mortemque
669 339 801 420 cadentis
824 338 952 399 acerbat.

133 432 282 510 spargitur
305 428 375 489 hinc
398 429 575 506 miserisque
598 429 682 487 uenit
701 429 763 489 iam
786 435 875 488 notus
898 426 1006 487 Alanis.
1088 455 1090 457 ·

1097 348 1150 400 ott

176 519 214 580 At
236 520 339 596 regina
362 520 463 585 uirum
486 509 599 598 (neque
623 519 702 577 enirn
726 517 780 596 dea
804 523 973 577 summouet
995 508 1111 598 ignem)

132 609 324 687 persequitur
348 606 478 666 lustrans
501 604 655 683 cordisque
679 599 852 686 ardentibus
875 603 993 685 baeret3

134 705 164 756 et
186 698 245 756 iam
268 695 343 754 laeta
365 696 465 754 minus
487 695 654 773 praesentis
677 695 803 773 imagine
827 710 943 773 pugnae

134 787 315 864 castigatque
339 790 437 843 metus
460 790 490 842 et
513 801 587 861 quas
610 781 661 842 alit
683 776 776 844 inscia
799 800 895 862 curaS,

134 874 312 953 respiciens,
336 890 373 932 an
396 889 469 930 uera
493 889 578 931 soror
602 864 686 953 (nam
708 871 831 943 credere
855 871 944 930 lalsos

135 963 224 1023 audet
247 970 331 1022 atrox
354 953 486 1042 uultus),
510 959 672 1038 eademque
695 962 726 1020 in
749 959 855 1038 gaudia
879 977 985 1019 rursus

60 1097 62 1101 ,
133 1049 243 1112 labitur
267 1058 296 1110 et
319 1067 425 1109 saeuae
448 1047 577 1109 trahitur
600 1046 756 1122 dulcedine
779 1048 922 1108 flammae.

135 1158 168 1199 ac
191 1138 276 1199 uelut
300 1147 368 1197 ante
393 1154 492 1197 comas
516 1154 549 1195 ac
573 1154 688 1196 summa
711 1139 864 1197 cacumina
888 1135 979 1196 siluae

133 1225 250 1289 lenibus
274 1225 386 1286 adludit
407 1222 509 1284 flabris
531 1224 607 1284 leuis
630 1229 751 1305 auster,
770 1232 799 1284 at
821 1224 905 1285 illum
975 1209 986 1226 ²

132 1317 271 1396 protinus
293 1317 443 1374 inmanem
465 1314 591 1373 miserae
615 1331 736 1397 sensere
760 1315 890 1375 carinae:

135 1403 202 1466 talis
225 1403 261 1463 ad
284 1412 434 1463 extremos
457 1403 554 1480 agitur
577 1399 679 1462 Medea
702 1402 830 1463 furores.

134 1491 286 1554 interdum
308 1490 433 1552 blandae
457 1491 580 1571 derepta
602 1490 723 1553 monilia
747 1491 833 1551 diuae

135 1588 301 1642 contrectat
323 1581 493 1658 miseroque
517 1586 597 1657 aptat
620 1577 774 1660 flagrantia
798 1577 882 1660 collo,

136 1686 253 1749 quaque
276 1667 358 1728 dedit
379 1675 500 1728 teneros
523 1685 628 1728 acuum
652 1657 757 1734 furiale
780 1686 835 1746 per
858 1676 950 1750 artus,

53 1759 69 1806 Γ
136 1758 248 1838 delicit3
270 1775 305 1817 ac
328 1774 382 1817 sua
404 1759 490 1834 uirgo
513 1756 585 1816 deae
609 1758 771 1835 gestamina
794 1755 901 1838 reddit,

135 1865 195 1908 non
219 1837 357 1928 gemmis,
379 1863 440 1904 non
462 1844 512 1905 illa
534 1844 594 1904 leui
616 1845 736 1911 turbata
758 1845 885 1926 metallo,

136 1936 187 1996 sed
211 1934 334 2015 lacibus,
358 1934 410 1994 sed
433 1932 511 1993 mole
534 1933 591 2015 dei,
615 1950 704 2016 quem
726 1941 848 2012 pectore
871 1941 935 1995 toto

135 2027 193 2085 iam
216 2032 310 2102 tenet,
334 2029 485 2082 extremus
508 2039 595 2082 roseo
617 2018 715 2102 ptrdor
738 2032 819 2082 errat
840 2025 872 2082 in
895 2040 956 2083 ore.

86 2156 88 2166 ·
136 2132 169 2174 ac
191 2114 275 2193 prior
296 2110 357 2171 his:
381 2106 528 2170 ‘credisne
551 2103 667 2188 pato'em
690 2113 836 2189 promissa
859 2111 1007 2191 daturum,

136 2220 154 2262 o
178 2219 277 2282 soror,
300 2199 455 2278 Argolicus
479 2201 527 2259 cui
551 2198 788 2260 dis‘melioribus
811 2199 919 2279 hospes

136 2285 281 2368 contigit?
304 2295 355 2349 aut
378 2286 447 2348 belli
471 2296 615 2366 quantum
637 2291 695 2348 iam
718 2295 811 2349 restat
834 2283 955 2348 acerbi?

135 2377 195 2438 heu
219 2376 327 2456 quibus
349 2378 449 2455 ignota
473 2393 538 2435 sese
561 2368 615 2454 pro
639 2383 727 2454 gente
750 2376 871 2456 periclis

136 2461 252 2530 obicitl'
275 2466 349 2526 haec
372 2464 482 2524 fantem
505 2464 602 2524 medlo
625 2465 656 2524 in
680 2483 818 2525 sermone
842 2465 964 2543 reliquit

135 2557 247 2638 incepti
270 2557 328 2617 iam
351 2553 425 2614 luno
443 2560 550 2632 potens
574 2571 738 2633 securaque
763 2555 882 2617 fraudis.

180 2647 308 2710 Inminet
330 2663 347 2706 e
371 2642 458 2705 celsis
481 2641 637 2712 audentius
656 2641 780 2732 inproba
803 2648 896 2706 muris

136 2742 221 2822 uirgo
245 2757 300 2800 nec
323 2736 448 2801 ablatam
473 2736 608 2822 sequitur
631 2743 785 2822 quaeritne
809 2756 952 2804 sororem.

136 2838 166 2892 at
188 2831 326 2910 quotiens
349 2832 396 2890 uis
419 2830 493 2890 dura
511 2832 621 2893 discum
644 2832 788 2910 densique
812 2839 935 2912 repente

135 2920 304 2982 Aesoniden
326 2938 464 3000 pressere
488 2922 548 2982 uiri
570 2938 698 2998 cumque
722 2922 819 2980 omnis
842 2923 873 2980 in
896 2936 990 2981 unum

81 3053 87 3066 .
135 3008 231 3069 imber
253 3012 301 3091 iit,
323 3012 432 3071 totiens
456 3012 534 3073 saxis
556 3009 692 3089 pulsatur
715 3019 745 3070 et
767 3009 869 3070 hastis.

134 3100 288 3177 primaque
312 3098 348 3158 ad
371 3100 473 3159 infesti
495 3097 657 3159 Lexanoris
680 3097 798 3158 horruit
821 3117 918 3179 arcus,

135 3187 192 3247 alta
216 3187 268 3248 sed
291 3187 452 3248 Aesonium
475 3206 565 3267 supra
588 3196 677 3268 caput
700 3188 761 3247 exit
783 3186 928 3267 harundo,

135 3284 238 3357 teque,
262 3274 361 3357 Caice,
381 3278 469 3358 petit3
493 3274 622 3336 coniunx
645 3276 812 3337 miseranda
836 3275 923 3336 Caico

133 3364 279 3442 linquitur
302 3372 333 3425 et
354 3367 452 3443 primo
475 3365 581 3425 domus
604 3365 769 3444 inperfecta
792 3363 891 3426 cubili.

168 3451 287 3530 Regius
310 3455 374 3513 eois
396 3453 531 3534 Myraces
555 3455 704 3534 interpres
728 3452 764 3514 ab
787 3456 849 3514 oris

106 3548 250 3620 uenerat,
279 3549 315 3604 ut
340 3540 474 3608 Colchos
496 3543 610 3627 procul
635 3544 733 3627 adque
759 3544 863 3604 hestia
876 3542 1002 3602 hastilis
1074 3594 1090 3610 a,

1098 766 1153 870 ooo.

1096 1230 1149 1285 ott

1098 1677 1153 1727 eto

1099 2563 1153 2614 680

1099 3015 1151 3068 686

1102 3465 1155 3515 690
