2384 3878
88 178 108 244 6
264 135 267 144 ’
438 178 468 234 0.
486 177 625 234 vacum
642 177 773 236 annom

86 333 117 392 in
141 345 346 411 quaecumque
364 344 469 409 uocas3
492 346 548 390 neo
571 323 648 410 nos',
672 331 721 411 ait,
745 325 887 412 ‘optume
910 340 1020 412 segnes
1052 342 1102 396 tte

87 419 250 481 credideris
267 418 412 499 patrilsue
435 420 529 496 magis
551 417 700 478 confidere
724 419 824 499 regnis
916 457 917 461 =

87 524 176 589 quam
198 507 266 589 tibi,
290 509 315 567 si
337 507 450 586 primos
474 504 549 568 duce
572 513 602 567 te
625 508 747 568 uirtutis
770 507 901 569 honores

87 615 223 679 carpere,
246 597 395 658 fraternae
419 598 445 657 si
467 595 520 656 des
544 596 718 657 adcrescere
741 596 845 659 lamae.

86 689 159 766 quin
182 703 251 770 ego,
274 703 372 764 nequa
394 692 477 746 metu
500 687 592 745 nimio
616 703 662 746 me
687 703 759 747 oum
781 688 914 766 parentis

85 775 231 857 inpediat,
253 772 352 835 fallam
374 775 511 854 ignarum
534 773 710 854 subitusque
733 775 844 854 paratis
1053 788 1103 840 100

87 872 160 926 tunc
183 862 272 925 adero
295 864 407 943 primas
429 861 544 943 linquet
567 881 637 924 cum
658 865 767 943 puppis
789 857 938 925 harenas?
1034 920 1039 928 .

86 952 210 1014 dixerat.
256 951 304 1012 ille
329 955 442 1013 animos
465 953 670 1032 promissaque
694 952 763 1013 talia
786 952 880 1014 laetus

86 1043 194 1121 accipit
217 1048 247 1103 et
270 1058 393 1121 gressus
415 1040 535 1121 rapidos
560 1041 595 1101 ad
618 1040 706 1102 litora
728 1043 829 1103 uertit.

174 1130 212 1191 at
234 1129 319 1190 ducis
342 1131 475 1209 imperiis
498 1129 612 1210 Minyae
635 1131 810 1210 monituque
834 1131 1010 1210 frequentes

83 1236 216 1301 puppem
238 1220 350 1279 umeris
374 1217 504 1279 subeunt
526 1226 557 1278 et
579 1225 662 1280 tento
685 1218 796 1300 poplite
819 1221 908 1300 proni
1051 1231 1100 1285 180

87 1307 252 1370 decurrunt
274 1309 445 1386 intrantque
469 1307 588 1368 laetum.
634 1326 694 1368 non
717 1307 828 1369 clamor
850 1307 965 1371 anhelis

84 1399 223 1460 nauticus
246 1404 297 1458 aut
319 1395 445 1457 blandus
468 1396 618 1457 testudine
642 1395 736 1459 deluit
759 1396 906 1477 Orpheus.

84 1492 150 1549 tum
172 1484 242 1546 laeti
264 1492 399 1547 statuunt
422 1503 495 1547 aras.
541 1484 608 1567 tibi,
631 1494 732 1546 rector
754 1504 907 1567 aquarum,

84 1593 220 1636 summus
242 1574 352 1655 honor,
374 1572 429 1634 tibi
453 1573 598 1635 caeruleis
621 1576 653 1634 in
675 1574 762 1636 litore
786 1577 870 1636 uittis

86 1671 117 1726 et
140 1662 282 1743 Zephyris
305 1661 475 1741 Glaucoqie
498 1661 608 1723 bouem
630 1661 808 1743 Thetidique
832 1665 992 1726 iuuentam
1052 1677 1102 1728 100

85 1751 176 1813 deicit
198 1752 342 1813 Ancaeus.
388 1769 448 1811 non
470 1751 521 1811 illo
545 1752 657 1812 certior
680 1750 754 1813 alter

83 1842 205 1922 pinguia
227 1840 341 1902 letilera
365 1841 551 1920 perfringere
571 1839 645 1901 colla
667 1839 798 1921 bipenni.

82 1931 148 2010 ipse
171 1937 218 1992 ter
242 1947 390 2008 aequoreo
412 1928 507 1990 libans
531 1929 682 1990 carchesia
702 1931 781 2009 patri

84 2019 128 2079 sic
152 2020 192 2080 ait
214 2016 389 2078 Aesonides:
414 2012 442 2076 ‘o
467 2019 519 2096 qui
542 2020 709 2096 spumantia
730 2027 806 2080 nutu

83 2123 177 2186 regna
199 2109 297 2185 quatis
319 2113 475 2185 terrasque
499 2106 560 2167 salo
584 2106 781 2186 conplecteris
804 2125 917 2188 omnes,
1051 2119 1101 2172 100

84 2194 121 2256 da
143 2197 270 2257 ueniam.
316 2197 378 2256 scio
401 2213 449 2256 me
473 2197 589 2255 cunctis
612 2213 628 2255 e
653 2195 792 2274 gentibus
814 2214 909 2258 unum

83 2283 211 2346 inlicitas
234 2292 380 2363 temptare
404 2286 468 2344 uias
491 2284 678 2362 hiememque
702 2286 824 2346 mereri:

83 2373 137 2434 sed
160 2390 220 2433 non
244 2380 348 2452 sponte
373 2373 467 2453 feror,
490 2391 547 2434 nec
569 2390 649 2433 nunc
672 2370 745 2434 mihi
767 2376 891 2453 iungere
914 2383 1034 2439 montes

82 2478 167 2523 mens
190 2469 259 2522 auet
282 2469 333 2522 aut
356 2478 471 2521 summo
495 2461 657 2541 deposcere
681 2461 794 2524 fulmen
818 2461 951 2544 Olympo.

83 2568 149 2611 nec·
162 2549 261 2611 Peliae
284 2568 332 2610 me
355 2558 426 2611 uota
448 2549 583 2611 trahunt:
606 2549 655 2611 ille
680 2569 784 2631 aspera
806 2553 887 2613 iussa
1050 2565 1102 2617 200

52 2700 55 2707 .
82 2640 217 2720 repperit
240 2647 270 2700 et
292 2638 418 2700 Colchos
441 2640 472 2699 in
495 2656 543 2700 me
566 2639 741 2719 luctumque
764 2656 908 2703 meorum.

82 2727 127 2789 illi
148 2728 265 2789 inhians
288 2736 404 2789 tantum
426 2746 487 2788 non
510 2728 733 2807 indignantibus
756 2730 845 2791 undis

67 2816 141 2897 hoc
164 2823 253 2895 caput
276 2819 403 2896 accipias
426 2822 457 2876 et
474 2834 609 2895 pressam
632 2817 752 2896 regibus
776 2812 896 2879 alnum'
1010 2874 1017 2887 ,

84 2907 128 2968 0ἱο
151 2905 229 2966 fatus
252 2906 356 2984 pingui
375 2903 507 2965 cumulat
528 2903 667 2966 libamine
690 2905 845 2968 flammam.

172 2993 302 3054 Protulit
323 3001 358 3055 ut
381 2995 495 3054 crinem
518 2992 619 3054 densis
642 2994 771 3056 luctatus
794 2998 826 3056 in
850 2998 926 3058 extis
1048 3009 1106 3087 203

83 3082 161 3162 ignis
185 3089 216 3142 et
238 3083 373 3144 escendit
395 3081 530 3143 salientia
552 3085 669 3144 uiscera
692 3087 779 3166 tauri,

32 3184 35 3189 ’
84 3188 154 3233 ecoe
179 3188 263 3231 sacer
285 3179 426 3251 totusque
450 3172 498 3232 dei
516 3189 571 3250 per
594 3171 680 3233 litora
697 3173 827 3254 Mopsus,

82 3261 211 3321 inmanis
233 3261 315 3341 uisu,
338 3262 501 3340 uittamque
526 3277 699 3341 comamque
721 3281 776 3343 per
800 3281 887 3324 auras

86 3356 258 3430 surgentem
280 3347 442 3429 laurusque
466 3356 552 3410 rotat.
599 3369 657 3411 uox
680 3350 796 3412 reddita
819 3351 948 3432 tandem,

84 3456 144 3498 uox
166 3435 315 3499 horrenda
338 3440 424 3520 uiris3
449 3445 513 3499 tum
536 3438 613 3498 lacta
636 3439 752 3502 silentia
774 3443 845 3502 uati.
1048 3453 1099 3505 210

77 3521 149 3585 ‘lreu
170 3544 319 3605 quaenam
343 3525 471 3608 aspicio.l
494 3529 606 3591 nostris
629 3529 717 3591 modo
740 3530 876 3592 concitus
899 3532 979 3594 ausis
