2384 3878
130 183 174 248 82
471 183 502 240 0.
520 184 658 239 vinum
675 184 806 241 FLACGI

16 334 20 342 '
130 337 195 414 ipse
218 342 320 396 truces
343 334 402 395 iilic
426 333 551 394 Colchos
573 332 749 412 hostemque
772 332 889 394 iuuabis

131 423 257 485 auxiliis
303 441 359 483 neo
382 421 467 503 plura
491 421 629 500 equidem
651 421 823 483 discrimina
846 439 946 483 cerno.

130 513 195 574 fors
219 513 308 573 etiam
331 518 461 591 optatam
484 509 603 571 dabitur
626 513 799 590 contingere
821 511 938 591 pellem.
1097 521 1151 572 620

134 601 187 662 sed
206 608 236 661 te
259 619 320 661 uon
343 601 449 660 animis
472 617 528 660 neo
551 599 621 660 solis
644 599 762 660 uiribus
785 618 912 679 aequom

132 690 270 771 eredere3
293 706 380 768 saepe
405 690 467 749 aori
488 691 587 768 potior
610 687 769 767 prudentia
792 687 907 749 dextra.

133 797 222 858 quam
246 778 348 839 tulerit
370 777 458 858 deus,
482 779 579 857 arripe
603 795 698 856 opem.
744 779 862 856 iamque
885 777 990 838 ultima
1012 775 1099 838 nobis

131 885 270 948 promere
294 867 353 927 iata
375 867 472 947 neias3
496 867 584 926 sinite
608 884 639 948 o,
662 861 792 945 precor?
815 865 911 946 adque
934 868 975 927 ita
998 865 1076 927 sacto

131 958 190 1017 fine
214 956 296 1017 dedit
319 957 415 1016 tacitis
438 957 549 1016 iterum
571 973 715 1035 responsa
738 955 880 1017 tenebris.
1096 965 1150 1016 625

177 1045 254 1105 Tum
277 1043 374 1105 subita
396 1042 511 1103 resides
534 1045 631 1104 socios
653 1043 811 1104 formidine
834 1043 934 1129 lason¹

132 1135 310 1214 praecipitat
332 1134 503 1211 rumpitque
527 1149 625 1192 moras
648 1140 826 1212 tempusque
850 1131 982 1193 timendi.

131 1224 196 1302 ipse
220 1224 302 1282 uiros
325 1220 463 1299 gradiens
487 1220 522 1279 ad
545 1223 634 1299 primi
656 1220 753 1281 litoris
776 1221 885 1282 undam

131 1311 325 1390 prosequitur
347 1308 487 1369 Phineus.
534 1303 691 1387 ‘quaenam
713 1309 768 1370 tihi
789 1305 932 1390 praemia'
956 1309 1030 1370 dixit

133 1394 232 1480 ‘quas,
255 1399 347 1459 decus
369 1416 387 1457 o
411 1397 537 1480 Boreae,
560 1400 672 1478 possim
695 1399 868 1478 persoluere
891 1395 1013 1478 grates?
1094 1410 1147 1461 630

132 1506 180 1548 me
202 1486 337 1567 Pangaea
360 1505 452 1565 super
474 1505 580 1548 rursus
603 1489 672 1567 iuga
694 1506 800 1566 meque
823 1495 947 1567 paterna

133 1584 212 1637 stare
236 1576 314 1656 Tyro
338 1575 501 1654 dulcesque
523 1578 634 1637 iterum
656 1576 729 1637 mihi
751 1595 875 1656 surgere
899 1577 976 1637 soles

132 1683 212 1726 nunc
235 1682 313 1725 reor.
360 1671 478 1724 exactae
501 1683 648 1726 uerumne
671 1664 771 1726 abiere
795 1661 956 1726 uolucres?

125 1740 189 1814 'neo
212 1760 343 1814 metuam
366 1760 506 1832 tutaeque
531 1750 643 1833 dapes?
666 1755 733 1815 date
757 1761 878 1834 tangere
901 1753 1013 1836 uultus,

133 1843 201 1903 dem
224 1843 312 1903 sinite
336 1842 501 1923 amplexus,
523 1845 706 1923 propiusque
730 1843 860 1904 accedite
884 1838 1026 1904 dextrae?
1096 1853 1148 1904 606

132 1931 255 1992 dixerat.
301 1930 465 1992 abscedunt
487 1933 577 1993 terris
596 1939 626 1992 et
648 1933 735 1994 litora
757 1932 898 1994 condunt.

178 2018 323 2080 Omnibus
347 2019 494 2099 extemplo
518 2039 607 2081 saeua
630 2020 685 2082 suh
708 2024 836 2100 imagine
859 2039 950 2101 rupes

133 2107 265 2188 Cyaneae
288 2111 470 2188 propiorque
493 2107 589 2191 labor,
612 2109 730 2188 quando
753 2110 855 2170 adfore
878 2127 995 2189 quaque

132 2206 217 2277 parte
240 2205 360 2278 puteut3
384 2204 464 2258 stant
486 2216 538 2258 ora
561 2205 642 2259 metu
666 2218 722 2259 neo
745 2199 823 2260 sessa
846 2197 992 2259 recedunt

131 2285 244 2346 lumina
266 2285 401 2347 diuersas
421 2289 535 2347 circum
554 2287 743 2348 seruantihus
766 2287 870 2369 undas,
1096 2299 1146 2350 640

134 2391 203 2434 oum
226 2373 332 2452 procul
355 2374 447 2435 auditi
471 2377 586 2436 sonitus
608 2378 771 2455 insanaque
795 2394 871 2437 saxa.

133 2480 200 2523 saxa
224 2480 322 2543 neque
335 2463 394 2523 ‘illa
418 2465 505 2544 uide,
529 2464 581 2524 sed
604 2467 798 2544 praecipitata
819 2464 968 2545 profundo

133 2551 242 2612 siderei
264 2569 334 2631 pars
356 2548 424 2612 uisa'
443 2552 511 2631 poli.
553 2552 683 2632 dumque
707 2555 791 2614 ooius
814 2556 935 2635 instant,

132 2641 212 2701 serre
236 2640 336 2719 fugam
358 2643 450 2701 maria
473 2634 541 2721 ante
564 2649 671 2724 ratem,
694 2645 786 2703 maria
808 2645 873 2722 ipsa
894 2650 1018 2722 repente

133 2727 261 2789 deficere
285 2729 487 2808 aduersosque
506 2731 611 2792 uident
633 2731 786 2793 discedere
805 2738 934 2812 montes3
1096 2741 1147 2792 646

132 2817 270 2878 omnihus
294 2826 324 2878 et
346 2817 441 2897 gelida
463 2819 538 2898 lapsi
560 2820 718 2880 formidine
741 2823 824 2882 remi.

133 2908 197 2986 ipse
220 2925 275 2986 per
298 2924 379 2966 arma
402 2906 506 2968 uolans
530 2915 560 2969 et
582 2927 637 2987 per
659 2911 728 2987 iuga
751 2914 866 2970 summa
890 2911 1009 2970 carinae

132 2994 270 3056 hortatur
293 2996 477 3076 supplexque
500 2997 755 3059 manusintendit
777 2999 872 3066 lason¹

133 3086 252 3144 nomine
281 3103 429 3165 quemque
456 3104 604 3165 premens.
651 3082 715 3146 ‘ubi
742 3106 822 3149 nuno
849 3089 996 3168 promissa
1019 3086 1147 3170 superba

130 3173 328 3253 ingentesque
352 3177 462 3256 minae,
485 3193 603 3236 meeum
626 3174 735 3254 quibus
758 3179 816 3238 ista
839 3173 957 3238 secuti?
1096 3186 1147 3239 660

132 3259 213 3321 idem
235 3260 337 3342 Amyci
360 3271 441 3324 certe
465 3266 531 3324 uiso
554 3266 644 3324 timor
667 3266 805 3351 omnihus
829 3273 914 3327 antro

132 3367 239 3411 caecus
264 3358 339 3432 erat3
364 3355 500 3414 stetimus
524 3360 623 3414 tamen
646 3361 676 3415 et
699 3354 773 3417 deus
796 3355 890 3416 adfuit
912 3358 1001 3417 ausis.

124 3441 202 3511 quin
222 3440 337 3502 iterum
358 3441 440 3502 idem
463 3441 558 3502 aderit
581 3451 663 3504 certo
687 3439 782 3506 deus?
827 3444 899 3506 haec
923 3443 975 3506 ubi
999 3445 1086 3528 satus,

102 3525 241 3601 commit
262 3526 380 3592 abr’eeti
403 3550 588 3615 remumque
610 3533 772 3615 iocumque
790 3532 914 3595 iiraieri
