2384 3878
358 959 395 1045 o.
422 958 597 1045 votior
623 927 788 1046 rhooor

215 1141 916 1244 ARGONAUTIOON

355 1333 507 1401 orere
532 1331 792 1401 sorrrrroo.

63 1658 105 1719 Te
130 1677 249 1739 quoquo
272 1658 441 1721 Thessalico
460 1663 520 1723 iam
542 1679 628 1722 serus
652 1660 688 1720 ab
711 1660 828 1740 hospite
851 1676 960 1739 uesper
1026 1716 1029 1721 ,

63 1748 171 1810 diuidit
193 1755 224 1808 et
245 1749 304 1809 iam
326 1755 356 1809 te
379 1756 431 1811 tua
453 1749 573 1830 gaudia,
595 1751 694 1830 uirgo,
717 1747 900 1827 relinquunt,

62 1855 182 1917 noxque
205 1839 267 1898 ruit
290 1837 345 1897 soli
368 1840 494 1899 ueniens
516 1855 577 1899 non
600 1840 680 1899 mitis
703 1839 821 1899 amanti.

65 1945 136 2006 ergo
160 1925 212 1987 ubi
236 1928 382 1989 cunctatis
406 1935 541 1988 extremo
563 1929 596 1988 in
618 1927 720 1988 limine
742 1925 853 2005 plantis

64 2016 189 2094 contigit
211 2033 299 2094 aegra
322 2022 404 2076 toros
429 2023 458 2077 et
480 2033 565 2077 mens
588 2018 710 2077 insensa
733 2013 876 2095 tenebris,
1063 2022 1081 2072 o

63 2112 184 2165 uertere
208 2109 280 2164 tuno
303 2105 404 2164 uarios
426 2122 482 2183 per
504 2105 591 2183 longo
613 2105 760 2164 insomnia
783 2108 908 2182 questus
959 2161 961 2166 .

64 2211 121 2253 neo
143 2198 247 2271 pereat
270 2210 329 2271 quo
353 2194 431 2253 seire
455 2192 546 2273 malo;
569 2193 748 2271 tandemque
772 2191 860 2252 sotori

64 2299 136 2342 ausa
159 2279 216 2341 sihi
240 2299 359 2343 oausam
381 2281 479 2343 medio
499 2283 543 2342 sio
566 2281 625 2343 iota
648 2280 750 2342 dolore
774 2287 835 2342 est:
887 2278 891 2282 ’

65 2365 158 2431 ‘nuno
181 2388 236 2448 ego
260 2389 319 2449 quo
344 2389 414 2431 casu
437 2370 487 2431 uel
511 2389 570 2451 quo
594 2373 638 2432 sio
655 2369 784 2450 peruigil
806 2386 902 2447 usque

64 2461 129 2538 ipsa
152 2459 257 2519 uolens
279 2477 382 2520 errore
406 2456 532 2520 trahor?
554 2477 616 2520 non
638 2459 712 2519 haee
735 2458 808 2518 mihi
832 2463 913 2517 certe
1048 2466 1082 2516 ιο

64 2565 124 2607 nox
147 2555 211 2608 erat
234 2555 302 2608 ante
326 2554 408 2628 tuos,
424 2549 549 2608 iuuenis
573 2548 748 2626 fortissime,
770 2544 882 2606 uultus.

65 2653 141 2715 quos
165 2654 219 2715 ego
244 2654 298 2696 our
321 2637 432 2696 iterum
455 2636 577 2697 demens
601 2636 769 2714 iterumque
792 2631 936 2694 recordor

64 2731 125 2785 tam
148 2742 253 2803 magno
277 2723 406 2786 discreto
428 2720 524 2785 mori?
548 2724 619 2804 quid
641 2725 673 2784 in
695 2723 812 2804 hospite
836 2720 899 2782 solo

65 2830 150 2874 mens
173 2810 268 2874 mihi?
290 2816 408 2892 cognati
429 2815 530 2893 potius
553 2816 612 2874 iarn
634 2811 746 2875 uellera
766 2811 870 2873 Phrixi

66 2903 204 2984 accipiat,
228 2921 302 2981 quae
326 2902 389 2964 sola
410 2905 486 2982 petit
511 2921 645 2982 quaeque
668 2920 728 2962 una
750 2900 887 2962 laborum
1048 2907 1083 2960 15

66 3008 155 3051 carisa
177 2992 253 3052 uiro.
299 3009 368 3052 nam
391 2991 509 3071 quondo
533 2989 637 3051 domos
659 2990 713 3051 has
734 2989 785 3051 lile
808 2983 943 3050 reuiset?

65 3088 116 3140 aut
140 3097 224 3141 mous
247 3079 425 3141 Haemonias
449 3079 566 3158 quando
589 3086 674 3160 pater
697 3076 751 3139 ibit
774 3078 811 3139 ad
833 3070 950 3138 urbes?

65 3168 182 3250 felices,
204 3170 311 3230 mediis
334 3170 441 3248 quise
465 3168 536 3230 dare
559 3165 700 3229 fluctibus
724 3168 789 3227 ausi

65 3276 122 3319 neo
145 3265 243 3319 tantos
267 3259 394 3319 timuero
418 3258 483 3318 [rios
506 3255 655 3338 talemque
679 3257 775 3317 soouti

64 3346 125 3407 huo
149 3348 201 3426 qui
224 3347 330 3409 deindo
354 3349 468 3408 uirum:
492 3345 544 3407 sed
567 3347 611 3406 sio
634 3361 753 3424 quoquo
777 3361 865 3406 carus
888 3340 976 3404 obito.
1049 3352 1084 3404 20

65 3444 131 3496 tum
152 3437 260 3497 iactata
282 3443 349 3497 toro
372 3436 542 3517 durumque
565 3440 693 3518 exserto
712 3430 832 3514 ooh'he,
