2384 3878
91 170 133 234 62
428 144 764 227 666666666666

91 339 146 380 nos
169 321 281 400 patriae
305 323 508 402 immemoreS,
531 329 670 381 maneant
693 339 749 381 ceu
772 321 853 381 nulla
875 327 1017 384 reu'ectos

91 409 209 491 gaudia,
231 409 283 468 sed
308 408 383 470 dirro
407 427 512 469 saeuae
536 408 592 469 sub
615 427 686 489 rege
709 409 858 490 Mycenae,
1060 426 1113 474 666

91 498 127 558 ad
150 497 281 559 medium
305 505 481 559 cunctamur
503 500 570 558 iter.
617 500 643 558 si
666 496 775 559 finibus
799 499 867 558 ullis

89 588 142 648 has
166 586 292 647 tolerare
316 605 414 646 moras
437 595 467 647 et
489 588 588 647 inania
610 595 744 666 tempora
765 605 894 668 possem,

89 695 182 756 regna
204 675 292 735 hodie
316 682 346 736 et
369 674 487 735 dulcem
511 677 639 755 sceptris
663 674 809 754 Calydona
832 684 968 738 tenerem
1034 676 1039 681 ’

89 766 187 826 laetus
211 781 302 843 opum
324 766 466 847 pacisque
489 782 586 845 meae,
610 772 752 842 tutusque
776 782 929 825 manerem
960 826 966 839 ,,

90 856 156 932 quis
179 855 297 932 genitor
320 861 475 931 materque
499 853 580 914 locis
627 852 698 931 quid
722 851 823 913 deside
847 861 929 914 terra
1057 868 1112 918 660

88 937 268 1003 haeremus?
290 960 402 1003 uacuos
426 960 481 1002 eur
503 941 615 1002 lassant
634 959 762 1020 aequora
786 939 892 1003 tusus?

88 1040 122 1092 tn
145 1033 284 1091 comitem
307 1029 430 1091 Alciden
453 1030 489 1090 ad
512 1029 648 1090 Phasidis
671 1029 797 1109 amplius
820 1049 892 1092 arua

88 1120 203 1200 adfore,
226 1129 259 1180 tu
282 1121 377 1179 socias
401 1118 479 1179 ultra
501 1117 557 1179 tibi
579 1137 647 1178 rere
669 1115 846 1199 pharetras?

88 1226 148 1268 non
172 1227 205 1268 ea
228 1227 286 1287 pax
309 1207 384 1267 odiis
407 1207 537 1268 oblitane
560 1209 682 1268 numine
706 1207 785 1267 lesso

87 1297 161 1357 luno
185 1299 240 1356 sui.
286 1314 364 1356 noua
387 1295 529 1356 Tartareo
553 1297 615 1356 lors
638 1297 752 1357 semine
775 1305 908 1357 monstra
1052 1311 1107 1360 666

87 1394 175 1464 atque
199 1387 309 1445 iterum
332 1384 460 1445 Inachiis
482 1386 542 1445 iam
564 1386 688 1446 nuntius
711 1392 799 1464 urget
822 1384 858 1445 ab
881 1385 978 1465 Argis.

87 1493 147 1535 non
171 1473 258 1534 datur
280 1474 353 1534 lraec
376 1475 475 1552 magui
497 1474 597 1553 proles
620 1473 713 1554 louis3
737 1481 766 1534 at
790 1473 844 1534 tihi
866 1473 972 1535 Pollux

87 1565 180 1641 stirpe
204 1581 291 1642 pares
316 1562 479 1641 Castorque
503 1570 637 1642 manent,
661 1570 691 1623 at
714 1570 815 1623 cetera
837 1561 941 1623 diuum

86 1653 257 1731 progenies
281 1669 337 1711 nec
359 1669 452 1730 parua
474 1651 548 1711 milri
570 1651 678 1711 fiducia
701 1653 807 1729 gentis.

86 1758 123 1800 en
148 1758 202 1818 ego
225 1759 261 1800 eo
285 1758 474 1818 quocumque
497 1739 595 1821 uoles3
619 1757 736 1819 quaqua
759 1742 876 1819 agmina
899 1741 1001 1801 lerro-
1051 1754 1105 1804 ouo

85 1840 173 1909 rupta
195 1837 317 1909 metam3
340 1828 394 1889 tibi
417 1828 496 1890 dicta
518 1847 641 1910 manus,
664 1827 718 1888 tibi
742 1828 886 1908 quidquid
909 1831 941 1889 in
964 1831 1032 1910 ipso

86 1921 228 1998 sanguine
253 1920 324 1999 erit,
346 1920 464 1996 iamque
487 1918 557 1978 hinc
580 1936 706 1997 opernm
729 1935 804 1997 quae
828 1920 954 1978 maxima
976 1936 1080 1999 posco.

86 2006 200 2066 scilicet
222 2009 253 2066 iu
277 2006 347 2066 solis
370 2008 489 2086 profugi
513 2009 596 2068 stetit
618 2005 756 2066 Herculis
779 2008 869 2066 armis

84 2102 187 2155 nostra
211 2095 299 2154 salus,
345 2112 452 2175 nempe
476 2113 528 2155 ora
551 2113 644 2173 aeque
668 2095 804 2155 mortalia
827 2097 928 2156 cuncti

85 2203 154 2245 ecce
178 2191 299 2264 gerunt3
323 2183 409 2244 ibrmt
431 2202 526 2263 aequo
550 2202 656 2263 nempe
681 2184 784 2245 ordine
808 2186 891 2245 remi.
1050 2197 1104 2246 676

83 2273 132 2333 ille
156 2273 205 2332 uel
228 2275 332 2333 insano
356 2273 528 2334 iamdudum
552 2271 690 2333 turbidus
714 2280 798 2334 aestu

83 2361 133 2421 uel
156 2368 241 2440 parta
263 2363 322 2421 iam
345 2360 431 2422 laude
454 2369 574 2422 tumens
598 2364 748 2422 consortia
771 2362 864 2422 lamae

83 2449 211 2529 despicit
234 2467 268 2508 66
291 2452 388 2510 nostri
410 2450 483 2510 ferri
506 2468 606 2510 comes
630 2450 733 2511 abnuit
756 2452 838 2516 actia.

83 2558 152 2619 noc,
176 2537 287 2617 quibus
310 2546 340 2599 et
362 2540 462 2599 uirtus
486 2547 516 2600 ct
539 2557 608 2619 spes
630 2541 662 2599 in
684 2539 786 2600 limine
809 2540 916 2621 primo,

81 2627 209 2708 tendite,
233 2628 304 2688 dum
328 2646 430 2689 rerum
452 2630 568 2708 patiens
592 2627 672 2688 calor
689 2623 725 2688 ¹et
749 2627 822 2688 rude
846 2625 989 2688 membris
1048 2640 1103 2690 680

82 2717 175 2778 robur
199 2719 289 2797 iuest3
312 2736 369 2777 nec
393 2719 472 2777 enim
496 2717 593 2778 solum
616 2717 686 2778 dare
710 2717 815 2777 itinera
838 2715 958 2778 Colchis

82 2808 121 2866 sit
144 2807 216 2866 satis
240 2813 270 2864 et
293 2813 354 2865 tota
376 2804 499 2884 pelagus
522 2805 665 2867 lustrasse
688 2808 819 2866 iuuenta.

82 2913 150 2974 spes
174 2892 246 2952 mihi
270 2911 344 2971 quae
368 2893 420 2953 tali
441 2897 539 2973 potuit
562 2894 734 2972 longissima
757 2912 828 2955 casu

82 3001 147 3042 esse
169 2983 238 3061 luit3
262 2983 458 3061 quiscumque
483 2983 582 3044 uirum
599 2984 776 3062 perquirere
800 2982 884 3044 siluis

81 3073 141 3150 egit
164 3088 259 3151 amor;
282 3071 346 3131 loca
369 3072 538 3132 uociferans
561 3090 622 3142 non
645 3071 704 3132 ulla
727 3072 843 3151 reliqui.
1047 3082 1100 3133 666

81 3177 161 3220 nunc
184 3178 317 3242 quoque,
341 3158 411 3221 dum
435 3163 518 3221 uario
542 3167 627 3221 urrtat
649 3163 797 3222 sententia
820 3168 914 3242 motu,

81 3265 205 3308 cernere
229 3247 353 3309 deuexis
376 3248 552 3311 redeuutem
575 3247 727 3316 montibus
750 3258 829 3329 opto.

80 3345 125 3398 sat
147 3336 277 3397 lacrimis
301 3340 462 3417 comitique
486 3336 602 3419 datum,
625 3356 714 3417 quem
737 3338 869 3409 sortibus
891 3340 959 3398 aeui

80 3425 169 3486 crede
192 3426 240 3486 uel
264 3428 295 3485 iu
318 3426 431 3487 mediae
455 3435 574 3506 raptum
597 3426 652 3489 tihi
674 3429 817 3508 sauguine
840 3421 981 3507 pugnae?

124 3513 244 3575 Talibus
268 3513 397 3576 Oenides
420 3522 521 3596 urget:
544 3516 632 3577 simul
655 3518 746 3577 incita
769 3516 857 3577 dietis
1045 3528 1100 3578 660
