2384 3878
121 156 160 209 IV
521 156 736 211 PRAEFATIO.

122 307 226 384 paucis
240 312 340 365 tamen
354 323 429 384 quae
443 305 503 366 huc
517 308 668 385 pertinent
683 305 885 366 Romanorum
898 305 971 365 locis
994 305 1051 365 hoc
1066 305 1139 365 mihi

122 393 201 453 effici
223 411 312 472 posse
336 393 469 475 uidetur,
497 413 591 455 unum
614 395 678 455 fere
701 413 811 454 annum
835 394 870 455 ad
894 412 1141 473 unumquemque

122 483 242 542 maioris
270 482 395 544 alicuius
429 485 569 542 carminis
597 485 674 562 epici
702 482 811 543 librum
839 482 1055 544 absoluendum
1083 486 1136 543 im·

122 589 250 649 pensum
274 589 348 631 esse.
376 589 445 631 nam
467 579 498 632 et
511 570 658 650 Vergilius
682 571 822 632 undecim
845 574 929 632 annis
952 574 984 631 In
1007 572 1137 632 Aeneide

125 658 278 721 condenda
311 663 496 740 consumptis
528 660 660 721 nondum
692 667 791 720 tamen
824 660 958 720 ultimam
989 668 1023 720 ut
1055 663 1139 720 aiunt

122 765 244 808 manum
276 750 303 807 ei
336 748 487 810 addiderat
520 756 550 808 et
578 749 690 809 Statius
722 751 754 808 in
788 747 954 808 Thebaidos
987 750 1045 808 tine
1071 748 1139 825 [llll

123 833 202 912 811]
237 831 266 895 ‘o
299 836 371 896 mibi
400 832 547 897 bissenos'
576 839 617 898 ait
645 825 782 897 ‘multum
811 837 930 916 uigilata
962 855 1017 915 per
1045 856 1139 897 annos

123 919 256 985 Thebai’.
302 920 358 985 ilec
390 927 476 1003 parui
509 925 544 985 ad
576 925 652 985 banc
686 928 890 1005 quaestionem
922 929 1064 985 momenti
1093 934 1139 986 est

121 1011 206 1074 locus
230 1013 338 1092 dialogi
360 1012 484 1094 Tacitei,
507 1016 538 1073 in
562 1033 622 1093 quo
646 1013 684 1090 [c.
709 1011 743 1090 9]
768 1014 805 1074 de
830 1014 926 1073 Saleio
950 1013 1040 1073 Basso
1064 1015 1138 1074 haec

122 1101 248 1180 legimus
272 1097 326 1183 ‘ut,
350 1121 419 1162 cum
443 1109 503 1164 toto
525 1120 614 1178 enno,
638 1121 693 1182 per
717 1120 820 1162 omnes
843 1102 917 1182 dies,
940 1120 1044 1180 magna
1068 1120 1137 1162 noc-

122 1191 198 1250 tium
220 1198 317 1271 parte,
346 1208 439 1251 unum
462 1192 573 1252 librum
597 1190 716 1251 excudit
744 1199 774 1251 et
802 1191 1003 1270 elucubrauit,
1031 1209 1137 1269 rogare

123 1277 203 1338 ultro
236 1288 266 1339 et
294 1279 406 1340 ambire
436 1287 559 1358 cogatur
587 1288 621 1340 ut
648 1282 708 1339 sint
739 1282 792 1357 qui
820 1279 980 1358 dignentur
1012 1276 1138 1340 audire’

122 1366 203 1427 bunc
231 1369 323 1446 igitur
350 1387 477 1449 morem,
510 1387 569 1447 quo
601 1385 728 1447 poeseos
760 1369 861 1446 epicae
890 1368 1015 1428 studiosi
1048 1370 1138 1428 unius

123 1457 192 1515 anni
225 1459 353 1535 spatium
382 1457 506 1536 singulis
533 1456 618 1518 libris
651 1456 832 1517 excudendis
855 1456 1079 1536 impendebant,
1113 1459 1139 1516 si

123 1541 257 1605 Valerius
287 1553 408 1605 secutus
437 1553 496 1626 est,
518 1554 587 1625 post
610 1564 636 1606 a.
661 1541 702 1606 79
726 1544 836 1605 librum
860 1554 1000 1605 octauum
1023 1545 1136 1605 iamdu-

123 1631 195 1693 dum
218 1632 394 1694 absoluerat.
423 1636 470 1693 sin
494 1652 568 1694 uero
592 1652 641 1694 res
664 1652 761 1712 usque
784 1633 820 1693 ad
843 1633 912 1693 libri
935 1633 1000 1692 Vlll
1019 1652 1047 1692 u.
1063 1631 1139 1713 467,

124 1722 175 1799 qui
202 1739 282 1782 nunc
310 1725 402 1782 totius
430 1725 530 1800 operis
559 1730 605 1782 est
632 1721 769 1801 ultimus,
800 1729 941 1782 tractatas
970 1724 1138 1781 accuratius

123 1809 290 1889 inspexeris
321 1812 422 1889 itaque
463 1829 591 1890 quonam
624 1810 711 1872 modo
744 1818 831 1890 poeta
863 1818 967 1870 noster
998 1809 1138 1870 historias

123 1915 193 1958 suas
215 1906 373 1978 pertexere
396 1899 489 1959 soleat
512 1902 704 1981 cognoueris,
730 1906 847 1960 tantum
869 1901 1010 1960 materiae
1035 1917 1138 1978 super-

124 2003 190 2047 esse
213 1986 343 2068 uidebis,
371 1987 456 2047 facile
484 1995 518 2048 ut
546 1995 686 2066 quattuor
713 1986 797 2048 libris
820 1989 948 2066 integris
977 1988 1139 2047 suffecerit.

123 2092 221 2154 neque
258 2074 362 2136 dubito
399 2078 471 2154 quin
498 2075 621 2137 Flaccus
649 2075 811 2154 Vergilium
848 2075 979 2154 aliosque
1017 2085 1139 2137 secutus

125 2163 362 2242 Argonautarum
385 2182 435 2224 res
449 2171 547 2242 gestas
570 2164 728 2225 duodecim
750 2164 835 2225 libris
859 2167 1010 2224 cecinerit.
1037 2166 1139 2243 itaque

124 2251 176 2330 qui
204 2271 229 2312 a.
255 2249 295 2312 71
319 2256 450 2332 primum
477 2252 588 2313 librum
611 2261 641 2313 et
663 2252 804 2333 deinceps
828 2255 934 2313 annuis
957 2254 1138 2312 recitationi-

126 2338 182 2400 bus
209 2339 302 2401 libros
329 2343 523 2418 insequentes
552 2341 750 2422 praelegerat,
777 2344 803 2401 is
831 2341 895 2401 lere
923 2359 947 2401 a.
972 2339 1015 2402 82
1042 2348 1141 2401 totum

125 2446 200 2507 opus
228 2429 423 2509 persoluerat.
470 2429 548 2508 quod
577 2436 697 2490 auctum
726 2429 989 2509 emendatumque,
1017 2437 1050 2489 ut
1073 2430 1140 2489 lieri

125 2515 251 2598 solebat,
280 2536 304 2578 a.
329 2515 371 2579 83
401 2517 450 2578 uel
479 2515 522 2578 84
546 2521 689 2578 emissum
714 2526 801 2598 puto;
829 2517 909 2578 unde
937 2520 969 2577 in
991 2517 1068 2577 libro
1092 2517 1141 2599 IV,

125 2607 177 2684 qui
209 2606 374 2666 secundum
405 2613 538 2666 nostram
575 2609 826 2685 computationem
858 2625 883 2666 a.
917 2602 959 2666 74
996 2608 1141 2668 recitatus

125 2700 184 2774 est,
216 2696 261 2754 rei
293 2695 387 2755 multo
417 2702 487 2773 post
518 2702 618 2772 gestae
655 2695 720 2754 fieri
753 2697 935 2755 mentionem
966 2694 1151 2774 explicatur.-

124 2783 184 2842 iam
207 2801 276 2842 cum
297 2786 398 2862 priore
422 2801 493 2842 cura
516 2782 636 2843 dimissa
664 2801 760 2843 nouae
785 2784 956 2861 cogitationi
983 2790 1046 2842 toto
1070 2802 1140 2862 pec-

125 2879 190 2930 tore
219 2871 407 2932 incumberet
434 2870 581 2952 Valerins,
612 2878 800 2949 praematura
832 2879 928 2931 morte
960 2869 1069 2931 litteris
1094 2880 1143 2933 est

126 2966 256 3038 ereptus.
298 2959 378 3020 unde
401 2961 512 3038 optime
535 2959 717 3038 intellegitur
741 2959 914 3030 Quintiliani
937 2958 1051 3020 dictum
1073 2963 1141 3021 uni-

126 3065 195 3108 cum
218 3066 293 3127 opus
316 3051 467 3127 integrum
489 3066 506 3107 a
528 3056 615 3126 poeta
638 3047 726 3108 docto
750 3048 888 3108 relictum
912 3066 978 3108 esse
1001 3046 1142 3110 dolentis.

215 3135 267 3195 llis
290 3136 455 3196 rationibus
478 3135 598 3197 adducti
621 3155 655 3195 ea
683 3155 759 3215 quae
785 3144 854 3216 post
881 3136 947 3196 Vlll
969 3134 1033 3197 467
1059 3156 1143 3199 nunc

126 3224 235 3284 desunt
256 3223 370 3285 librarii
392 3226 508 3285 incuria
530 3226 655 3303 periisse
675 3224 831 3285 Heinsium
854 3227 950 3285 secuti
974 3227 1142 3304 opinamur.

125 3311 196 3373 licet
210 3315 289 3374 enim
312 3315 527 3392 argumentatio
542 3321 644 3373 nostra
667 3313 859 3374 fundamento
872 3315 1018 3374 innitatur
1041 3312 1152 3396 debili,-

124 3400 249 3461 eandem
272 3410 372 3462 tamen
395 3409 458 3461 arte
483 3410 513 3462 et
535 3403 650 3462 ratione
678 3420 743 3462 esse
767 3404 934 3462 institutam
956 3401 1041 3462 facile
1066 3402 1142 3464 mibi

104 3498 315 3547 concessuros
344 3489 465 3551 conlido
494 3490 611 3554 iudices
640 3508 761 3572 aequos.
804 3498 886 3550 certe
913 3489 1041 3551 multum
1064 3492 1142 3553 mul-

82 3564 114 3632 Ι
