2384 3878
360 217 655 303 ARGONAUTIOON
672 216 783 272 LIBER
799 216 834 271 11.
1062 209 1103 278 3't'
1169 218 1172 223 '

132 366 191 427 Has
215 369 294 427 inter
318 367 454 428 lacrimas
478 367 587 446 legitur
610 371 695 447 piger
717 385 814 428 uncus
838 367 972 429 harenis:

87 457 146 516 iam
169 457 245 516 romi
267 474 394 535 rapuere
418 463 526 538 ratem,
549 458 607 516 iam
630 456 748 517 flamina
770 464 903 538 portant3

88 563 212 623 spumea
235 545 430 624 subsequitur
453 545 594 623 fugientis
618 547 723 606 semita
747 544 832 607 claui.
1052 557 1106 606 430

88 642 159 694 tuno
183 634 282 694 tenuis
304 632 432 694 Lemnos
456 635 622 713 transitque
645 633 776 696 Electria
798 634 887 695 tellus

87 721 234 783 Threiciis
258 741 364 783 aroana
387 725 493 803 sacris3
515 722 564 782 hic
588 725 719 784 numinis
742 726 847 803 ingens
954 740 956 747 ·

87 810 195 871 horror
218 819 248 871 ct
271 813 398 872 incautis
422 811 542 872 decreta
564 812 680 891 piacula
699 811 817 891 linguis.

87 899 164 960 hanc
188 900 316 961 demissa
339 899 404 960 loui
427 919 488 960 non
505 919 648 979 umquam
669 900 787 961 laedere
811 900 905 962 lluotu

88 988 176 1049 audet
199 989 328 1068 hiemps:
352 997 457 1068 sponte
481 991 545 1069 ipse
569 989 644 1050 deus
667 997 739 1051 tunc
763 998 881 1070 asperat
902 989 1007 1071 undas,
1053 999 1105 1051 435

89 1096 158 1138 cum
181 1085 262 1138 uetat
284 1078 391 1138 infidos
416 1097 469 1138 sua
490 1078 578 1139 litora
601 1087 723 1158 tangere
746 1088 860 1140 nautas.

88 1165 196 1227 obuius
220 1174 250 1226 at
272 1166 384 1245 Minyas
408 1169 498 1227 terris
521 1168 675 1248 adytisque
700 1168 839 1229 sacerdos

88 1257 198 1335 excipit
220 1254 389 1334 hospitibus
412 1274 551 1317 reserans
575 1265 690 1317 secreta
715 1256 854 1337 Thyotes.

87 1344 232 1405 hactenus
255 1346 286 1403 in
309 1343 435 1424 populos
459 1347 533 1426 uati,
557 1344 760 1427 Samothraca,
784 1347 922 1425 diemque

88 1435 177 1493 missa
201 1432 279 1513 uale,
304 1434 456 1512 sacrisque
479 1441 593 1494 metum
617 1453 772 1496 sernemus
796 1436 917 1513 opertis.
1053 1445 1106 1494 440

88 1520 137 1581 illi*
154 1520 216 1581 sole
240 1540 319 1581 nouo
343 1521 413 1582 laeti
435 1522 574 1602 plenique
599 1523 724 1583 deorum

88 1610 248 1670 considunt
271 1609 426 1691 transtris,
449 1614 508 1671 iam
532 1630 605 1691 quas
628 1612 817 1691 praeuiderat
839 1611 932 1673 urbes

88 1700 189 1759 nauita
208 1698 363 1781 condebat,
385 1718 552 1778 proraeque
577 1709 743 1762 accesserat
766 1700 891 1782 ImbroS,

88 1796 118 1849 et
141 1786 185 1848 sol
209 1787 356 1848 aetherias
379 1789 495 1849 medius
519 1789 734 1850 conscenderat
756 1807 851 1850 arces.

87 1876 227 1937 Thessala
251 1875 404 1941 Dardaniis
423 1885 495 1937 tunc
518 1879 649 1956 primurn
671 1880 780 1957 puppis
802 1878 921 1938 harenis
1046 1872 1100 1936 ’445

88 1965 201 2044 adpulit
223 1972 254 2027 et
277 1964 345 2025 latis
370 1965 458 2045 Sigeo
481 1965 569 2026 litore
593 1966 678 2027 sedit.

88 2053 241 2120 desiliunt:
264 2072 333 2133 pars
357 2054 426 2115 hinc
449 2054 567 2116 leuibus
591 2055 747 2117 candentia
770 2055 846 2116 uelis

88 2151 185 2203 castra
207 2142 297 2223 locat3
322 2146 393 2204 trito
416 2162 485 2223 pars
509 2144 618 2224 frangit
641 2144 749 2205 adorea
772 2162 842 2204 saxo

87 2232 179 2311 farra,
203 2233 296 2292 citum
320 2234 433 2293 strictis
457 2233 531 2293 alius
555 2233 591 2293 dc
615 2233 757 2294 cautibus·
775 2234 874 2311 ignem

88 2319 223 2381 obtendit
246 2320 324 2382 loliis
348 2329 378 2382 et
397 2321 540 2401 sulphure
563 2325 658 2400 pascit
682 2324 784 2382 amico.
1052 2332 1105 2382 450

132 2407 248 2470 Alcides
272 2409 473 2489 Telamonque
497 2429 597 2471 comes
621 2411 692 2472 dum
714 2410 801 2472 litora
825 2410 934 2471 blando

88 2498 223 2558 anlractu
247 2500 369 2560 sinuosa
391 2499 507 2580 legunt,
530 2518 589 2560 uox
613 2502 709 2579 attigit
732 2519 820 2561 aures

86 2585 202 2667 flebilis,
227 2594 261 2647 ut
284 2587 414 2667 scopulis
438 2606 506 2648 cum
529 2589 623 2649 fracta
645 2597 846 2650 remurmurat
869 2588 956 2648 unda.

87 2676 212 2736 adtoniti
233 2694 371 2755 pressere
395 2675 520 2754 gradum
542 2675 725 2755 dubiumque
750 2685 893 2737 secuntur

86 2766 170 2824 uocis
193 2766 264 2843 iter3
288 2767 346 2826 iam
370 2772 452 2824 certa
475 2772 572 2845 sonat,
597 2765 774 2844 desertaque
798 2765 890 2825 durae
1051 2775 1104 2824 455

86 2853 173 2931 uirgo
197 2855 264 2913 neci
288 2871 377 2932 quem
400 2872 461 2913 non
483 2853 637 2914 hominum
661 2872 863 2934 superumque
887 2848 1033 2915 uocabat?

86 2943 186 3001 aerius
209 2940 266 3002 hoc
289 2943 400 3002 instare
425 2944 484 3003 uiri
507 2960 685 3003 succurrere
710 2945 798 3025 certi,

86 3029 228 3111 qualiter,
251 3031 386 3110 impleuit
409 3032 520 3110 gemitu
545 3050 614 3092 cum
637 3040 741 3092 taurus
764 3031 873 3093 acerbo

86 3120 167 3200 auia,
190 3119 376 3198 frangentem
399 3138 502 3180 morsu
526 3138 616 3200 super
641 3119 698 3180 alta
720 3120 836 3181 leonem

85 3214 171 3286 terga
193 3207 307 3289 ferens,
331 3209 391 3269 coit
414 3227 429 3268 e
454 3226 557 3287 sparso
582 3210 698 3269 concita
720 3208 826 3288 mapali
1050 3219 1102 3270 460

85 3303 237 3374 agrestum
260 3314 365 3357 manus
390 3305 419 3357 et
443 3315 531 3358 caeco
554 3297 682 3357 clamore
707 3297 812 3358 coloni.

85 3386 221 3446 constitit
244 3384 374 3466 Alcides,
397 3387 524 3464 uisuque
549 3388 650 3446 enisus
672 3388 704 3446 in
727 3386 784 3447 alta

85 3490 163 3553 rupe
187 3481 289 3535 truces
312 3476 441 3535 manicas
466 3474 640 3553 delectaque
663 3477 789 3554 uirginis
812 3493 865 3535 ora

85 3565 183 3623 cernit
205 3571 236 3623 et
258 3562 293 3624 ad
314 3565 429 3643 primos
452 3565 588 3627 umentia
606 3563 888 3644 immansuetus,
