2384 3878
373 187 667 244 ARGONAUTICON
685 188 834 246 LIBERI.
917 204 920 208 “
1070 191 1111 256 13

88 338 281 417 ostenditque
304 355 425 398 umeros
449 337 543 399 iortes
566 340 753 418 spatiumque
777 338 901 419 superbi

90 429 224 509 pectoris
247 425 403 487 Herculeis
427 444 568 509 aequum,
591 427 751 508 Meleagro,
774 428 902 490 lacertis.
1056 438 1119 491 435·

90 517 161 578 hinc
185 532 345 578 numerosa
367 514 509 596 phalanx,
532 515 632 596 proles
656 516 799 597 Cyllenia:
823 526 925 579 certus

90 605 260 667 Aethalides
284 603 397 665 subitas
419 622 515 665 neruo
538 606 682 666 redeunte
706 608 827 685 sagittas

90 712 213 776 cogere3
231 702 265 755 tu
288 694 405 760 medios
425 694 521 772 gladio
545 693 641 755 bonus
664 697 709 756 ire
732 714 787 775 per
809 696 921 777 hostes,

91 782 217 864 Euryte3
241 801 296 844 nec
320 784 416 863 patrio
439 783 546 862 Minyis
568 783 707 862 ignobilis
730 803 796 866 usu,

91 875 196 933 nuntia
219 871 313 933 uerba
337 872 421 932 ducis
445 872 562 952 populis
586 875 637 951 qui
660 873 771 954 reddit,
794 872 919 934 Echion.

90 960 144 1021 sed
167 979 241 1041 non,
264 960 342 1041 lphi,
365 962 425 1021 tuis
448 960 526 1040 Argo
550 961 683 1022 reditura
706 963 825 1022 lacertis

89 1049 150 1110 heu
174 1051 306 1111 cinerem
329 1048 467 1128 Scythica
489 1057 519 1110 te
543 1059 655 1112 maesta
678 1050 828 1130 relinquet
850 1049 969 1110 harena.

89 1146 316 1218 cessantemque
340 1147 424 1199 tuom
445 1137 559 1217 lugebit
581 1141 613 1199 in
631 1140 736 1201 ordine
759 1157 884 1200 remum.

89 1234 120 1289 te
145 1245 264 1307 qunque
289 1227 359 1288 dant
381 1230 478 1307 campi
500 1236 584 1289 tanto
606 1238 725 1308 pastore
748 1229 874 1290 Pheraei

88 1315 205 1398 felices,
229 1316 366 1396 Admete3
390 1318 450 1377 tuis
472 1334 541 1377 nam
563 1318 667 1396 pendit
689 1320 720 1379 in
743 1321 825 1380 aruis

88 1403 204 1486 liebus,
227 1407 343 1485 ingrato
368 1404 514 1484 Steropen
538 1406 617 1484 quod
641 1407 758 1467 luderat
781 1425 861 1468 arcu.

88 1511 106 1554 a
129 1496 267 1574 quotiens
291 1492 402 1554 lamulo
424 1496 503 1555 notis
527 1512 613 1555 soror
636 1493 723 1555 obuia
747 1495 830 1556 siluis

88 1582 190 1665 licuit,
212 1581 265 1644 ubi
287 1582 414 1643 Ossaeae
439 1591 573 1663 captaret
596 1584 707 1663 frigora
726 1603 856 1664 quercus

88 1671 235 1752 panderet
258 1679 288 1732 et
310 1673 414 1751 pingui
438 1689 552 1733 mersos
575 1671 723 1734 Boebeide
748 1676 854 1734 crines

87 1762 218 1840 insurgit
240 1762 379 1821 transtris
403 1766 432 1820 ct
455 1779 538 1821 remo
562 1760 657 1822 Nerea
681 1770 783 1823 uersat

88 1848 234 1930 Canthus,
257 1851 288 1910 in
311 1849 407 1909 Aeaeo
431 1848 534 1910 uoluet
558 1868 646 1929 quem
669 1849 794 1910 barbara
818 1851 918 1929 cuspis

87 1937 227 2019 puluere3
251 1944 280 1998 at
302 1939 417 1999 interea
441 1937 512 2019 clari
536 1938 627 1998 decus
651 1938 765 2000 adiacet
788 1937 878 2019 orbis,

87 2044 178 2107 quem
201 2028 318 2106 genitor
341 2025 474 2105 gestabat
497 2026 587 2108 abas3
611 2036 691 2089 secat
714 2046 804 2089 aurea
827 2027 920 2088 fluctu

87 2117 218 2194 tegmina
241 2114 422 2176 Chalcidicas
440 2116 557 2194 lugiens
580 2116 711 2197 Euripus
734 2116 869 2197 harenas,

87 2204 227 2284 celsaque
247 2205 419 2265 semiferum
443 2213 644 2285 contorquens
668 2206 752 2266 irena
776 2206 916 2285 lnporum

86 2295 186 2373 surgis
210 2291 246 2354 ab
269 2293 409 2353 ostrifero
433 2293 561 2375 medium,
585 2294 736 2375 Neptune,
760 2293 911 2355 Geraesto.

86 2399 144 2442 nec
166 2381 222 2443 tihi
244 2380 373 2442 Palladia
394 2385 481 2464 pino,
503 2382 699 2464 Polypheme,
722 2392 844 2444 reuecto

85 2479 155 2534 ante
179 2470 286 2532 urbem
309 2471 444 2532 ardentis'
463 2480 556 2533 restat
579 2467 763 2553 deprendere
787 2474 880 2552 patris

85 2559 251 2641 relliquias,
275 2560 402 2622 multum
425 2561 542 2622 famulis
564 2564 613 2641 pia
635 2564 713 2622 insta
736 2564 867 2641 moratis,

85 2651 113 2710 si
135 2651 248 2711 uenias,
293 2648 433 2710 breuiore
457 2650 607 2710 letitiam
631 2650 748 2710 caerula
771 2667 854 2709 remo

85 2745 213 2817 occupat
236 2746 266 2798 11
287 2737 375 2816 longe
398 2755 452 2798 sua
474 2746 604 2798 transtra
622 2740 804 2798 nouissimus
822 2737 897 2798 ldas.

84 2834 117 2888 at
139 2827 232 2887 irater
255 2843 377 2906 magnos
399 2825 536 2907 Lynceus
560 2835 698 2889 seruatur
720 2829 752 2888 in
774 2846 857 2908 usus,

85 2932 177 2995 quem
199 2914 268 2977 tulit
290 2916 401 2998 Arene,
423 2918 518 2996 possit
541 2919 593 2996 qui
615 2935 755 2997 rumpere
779 2925 875 2978 terras

85 3011 117 3065 et
141 3004 231 3085 Styga
252 3007 429 3066 transmisso
451 3008 570 3066 tacitam
589 3006 774 3086 deprendere
798 3008 874 3067 uisu.

84 3092 226 3157 fluctibus
249 3112 266 3154 e
289 3095 394 3155 mediis
417 3102 513 3155 terras
537 3093 617 3157 dabit
639 3093 688 3156 illo
712 3097 853 3173 magistro
1049 3104 1101 3157 465

85 3189 116 3242 et
140 3181 222 3244 dabit
244 3191 324 3244 astra
346 3185 417 3265 rati,
441 3201 569 3264 cumque
593 3182 714 3245 aethera
736 3183 870 3262 luppiter
892 3181 999 3244 umbra

85 3272 266 3355 condiderit,
290 3272 372 3333 solus
395 3272 535 3334 transibit
557 3272 658 3334 nubila
680 3271 824 3352 Lynceus.

83 3361 158 3439 quin
182 3369 212 3423 et
235 3360 396 3442 Cecropiae
418 3361 518 3442 proles
541 3370 628 3425 uacat
651 3362 812 3442 Orithyiae,

56 3443 65 3463 ¹
84 3455 232 3532 temperet
254 3459 289 3512 ut
311 3449 455 3513 tremulos
479 3451 564 3513 Zetes
588 3451 738 3531 fraterque
763 3449 917 3512 ceruchos

83 3554 139 3599 nec
162 3559 237 3601 uero
261 3539 404 3620 Odrysius
427 3542 568 3604 transtris
591 3541 768 3624 inpenditur
792 3539 942 3621 bromos
1066 3544 1124 3589 Q
