<?xml version="1.0" encoding="UTF-8"?>
<!DOCTYPE html PUBLIC "-//W3C//DTD XHTML 1.0 Transitional//EN"
    "http://www.w3.org/TR/xhtml1/DTD/xhtml1-transitional.dtd">
<html xmlns="http://www.w3.org/1999/xhtml" xml:lang="en" lang="en">
 <head>
  <title>
</title>
<meta http-equiv="Content-Type" content="text/html;charset=utf-8" />
  <meta name='ocr-system' content='tesseract 3.04.00' />
  <meta name='ocr-capabilities' content='ocr_page ocr_carea ocr_par ocr_line ocrx_word'/>
</head>
<body>
  <div class='ocr_page' id='page_1' title='image "./cvaleriflaccise01flacgoog_0157.png"; bbox 0 0 2384 3878; ppageno 0'>
   <div class='ocr_carea' id='block_1_1' title="bbox 103 190 787 261">
    <p class='ocr_par' dir='ltr' id='par_1_1' title="bbox 103 190 787 261">
     <span class='ocr_line' id='line_1_1' title="bbox 103 190 787 261; baseline -0.02 -2"><span class='ocrx_word' id='word_1_1' title='bbox 103 195 147 261; x_wconf 82' lang='lat'>92</span> <span class='ocrx_word' id='word_1_2' title='bbox 447 194 476 251; x_wconf 82' lang='lat' dir='ltr'>C.</span> <span class='ocrx_word' id='word_1_3' title='bbox 495 190 787 249; x_wconf 74' lang='grc'><strong>000001000003</strong></span> 
     </span>
    </p>
   </div>
   <div class='ocr_carea' id='block_1_2' title="bbox 1 336 1129 3622">
    <p class='ocr_par' dir='ltr' id='par_1_2' title="bbox 1 336 1129 3622">
     <span class='ocr_line' id='line_1_2' title="bbox 102 336 897 426; baseline -0.008 -19"><span class='ocrx_word' id='word_1_4' title='bbox 102 352 240 426; x_wconf 88' lang='grc'><strong>0103103</strong></span> <span class='ocrx_word' id='word_1_5' title='bbox 262 353 366 405; x_wconf 93' lang='lat' dir='ltr'>aurato</span> <span class='ocrx_word' id='word_1_6' title='bbox 390 350 518 423; x_wconf 87' lang='lat' dir='ltr'>quantus</span> <span class='ocrx_word' id='word_1_7' title='bbox 541 344 618 404; x_wconf 92' lang='lat' dir='ltr'>iacet</span> <span class='ocrx_word' id='word_1_8' title='bbox 640 342 767 403; x_wconf 76' lang='lat' dir='ltr'>Inachus</span> <span class='ocrx_word' id='word_1_9' title='bbox 790 336 897 402; x_wconf 86' lang='lat' dir='ltr'>antro&#39;</span> 
     </span>
     <span class='ocr_line' id='line_1_3' title="bbox 25 431 1121 512; baseline -0.002 -16"><span class='ocrx_word' id='word_1_10' title='bbox 25 462 31 471; x_wconf 64' lang='lat'><strong><em>¹</em></strong></span> <span class='ocrx_word' id='word_1_11' title='bbox 102 435 230 495; x_wconf 80' lang='lat' dir='ltr'><strong>dixerat.</strong></span> <span class='ocrx_word' id='word_1_12' title='bbox 255 433 349 512; x_wconf 93' lang='lat' dir='ltr'>adque</span> <span class='ocrx_word' id='word_1_13' title='bbox 372 432 415 492; x_wconf 90' lang='lat' dir='ltr'>illi</span> <span class='ocrx_word' id='word_1_14' title='bbox 438 431 543 493; x_wconf 83' lang='lat' dir='ltr'>dextra</span> <span class='ocrx_word' id='word_1_15' title='bbox 566 434 629 491; x_wconf 91' lang='lat' dir='ltr'>sine</span> <span class='ocrx_word' id='word_1_16' title='bbox 653 450 745 492; x_wconf 87' lang='lat' dir='ltr'>uersa-</span> <span class='ocrx_word' id='word_1_17' title='bbox 763 432 897 510; x_wconf 88' lang='lat' dir='ltr'>magistri</span> <span class='ocrx_word' id='word_1_18' title='bbox 1067 443 1121 494; x_wconf 72' lang='grc'>010</span> 
     </span>
     <span class='ocr_line' id='line_1_4' title="bbox 101 518 874 604; baseline -0.006 -20"><span class='ocrx_word' id='word_1_19' title='bbox 101 525 241 604; x_wconf 92' lang='lat' dir='ltr'>protinus</span> <span class='ocrx_word' id='word_1_20' title='bbox 263 525 295 582; x_wconf 91' lang='lat' dir='ltr'>in</span> <span class='ocrx_word' id='word_1_21' title='bbox 317 539 439 601; x_wconf 92' lang='lat' dir='ltr'>proram</span> <span class='ocrx_word' id='word_1_22' title='bbox 461 518 551 581; x_wconf 91' lang='lat' dir='ltr'>rediit</span> <span class='ocrx_word' id='word_1_23' title='bbox 573 521 647 582; x_wconf 88' lang='lat' dir='ltr'>ratis</span> <span class='ocrx_word' id='word_1_24' title='bbox 669 523 767 580; x_wconf 90' lang='lat' dir='ltr'>omine</span> <span class='ocrx_word' id='word_1_25' title='bbox 792 528 874 580; x_wconf 88' lang='lat' dir='ltr'>certo</span> 
     </span>
     <span class='ocr_line' id='line_1_5' title="bbox 96 602 976 690; baseline -0.002 -18"><span class='ocrx_word' id='word_1_26' title='bbox 96 602 234 672; x_wconf 78' lang='lat' dir='ltr'>=fluminis</span> <span class='ocrx_word' id='word_1_27' title='bbox 257 629 291 671; x_wconf 93' lang='lat' dir='ltr'>os</span> <span class='ocrx_word' id='word_1_28' title='bbox 313 618 504 690; x_wconf 90' lang='lat' dir='ltr'>pontumque·</span> <span class='ocrx_word' id='word_1_29' title='bbox 521 618 619 670; x_wconf 89' lang='lat' dir='ltr'>tuens.</span> <span class='ocrx_word' id='word_1_30' title='bbox 665 604 827 688; x_wconf 78' lang='lat' dir='ltr'>‘promittis</span> <span class='ocrx_word' id='word_1_31' title='bbox 848 616 883 668; x_wconf 88' lang='lat' dir='ltr'>ut</span> <span class='ocrx_word' id='word_1_32' title='bbox 905 627 976 670; x_wconf 91' lang='lat' dir='ltr'>ecce</span> 
     </span>
     <span class='ocr_line' id='line_1_6' title="bbox 103 693 993 780; baseline -0.002 -19"><span class='ocrx_word' id='word_1_33' title='bbox 103 709 196 780; x_wconf 90' lang='lat' dir='ltr'>utque</span> <span class='ocrx_word' id='word_1_34' title='bbox 219 717 310 761; x_wconf 90' lang='lat' dir='ltr'>uocas</span> <span class='ocrx_word' id='word_1_35' title='bbox 333 693 525 760; x_wconf 89' lang='lat' dir='ltr'>reuehemur&#39;</span> <span class='ocrx_word' id='word_1_36' title='bbox 550 700 598 758; x_wconf 88' lang='lat' dir='ltr'>ait.</span> <span class='ocrx_word' id='word_1_37' title='bbox 645 701 689 758; x_wconf 91' lang='lat' dir='ltr'>sic</span> <span class='ocrx_word' id='word_1_38' title='bbox 712 697 818 759; x_wconf 92' lang='lat' dir='ltr'>deinde</span> <span class='ocrx_word' id='word_1_39' title='bbox 841 707 993 777; x_wconf 86' lang='lat' dir='ltr'>precatus</span> 
     </span>
     <span class='ocr_line' id='line_1_7' title="bbox 103 785 842 867; baseline -0.001 -18"><span class='ocrx_word' id='word_1_40' title='bbox 103 807 184 849; x_wconf 89' lang='lat' dir='ltr'>arma</span> <span class='ocrx_word' id='word_1_41' title='bbox 206 788 291 849; x_wconf 75' lang='lat' dir='ltr'>iniret</span> <span class='ocrx_word' id='word_1_42' title='bbox 313 788 391 848; x_wconf 92' lang='lat' dir='ltr'>celsa</span> <span class='ocrx_word' id='word_1_43' title='bbox 415 789 513 848; x_wconf 90' lang='lat' dir='ltr'>socios</span> <span class='ocrx_word' id='word_1_44' title='bbox 535 785 711 866; x_wconf 73' lang='lat' dir='ltr'>depromere</span> <span class='ocrx_word' id='word_1_45' title='bbox 734 805 842 867; x_wconf 90' lang='lat' dir='ltr'>puppe.</span> 
     </span>
     <span class='ocr_line' id='line_1_8' title="bbox 103 876 1128 955; baseline 0.002 -19"><span class='ocrx_word' id='word_1_46' title='bbox 103 877 180 937; x_wconf 89' lang='lat' dir='ltr'>dona</span> <span class='ocrx_word' id='word_1_47' title='bbox 203 876 311 938; x_wconf 92' lang='lat' dir='ltr'>dehinc</span> <span class='ocrx_word' id='word_1_48' title='bbox 334 876 443 937; x_wconf 92' lang='lat' dir='ltr'>Bacchi</span> <span class='ocrx_word' id='word_1_49' title='bbox 465 893 611 955; x_wconf 85' lang='lat' dir='ltr'>casusque</span> <span class='ocrx_word' id='word_1_50' title='bbox 635 885 670 937; x_wconf 94' lang='lat' dir='ltr'>ut</span> <span class='ocrx_word' id='word_1_51' title='bbox 691 877 791 937; x_wconf 84' lang='lat' dir='ltr'>firmet</span> <span class='ocrx_word' id='word_1_52' title='bbox 812 879 844 936; x_wconf 93' lang='lat' dir='ltr'>in</span> <span class='ocrx_word' id='word_1_53' title='bbox 868 893 972 938; x_wconf 89' lang='lat' dir='ltr'>omnes</span> <span class='ocrx_word' id='word_1_54' title='bbox 1067 887 1128 938; x_wconf 72' lang='lat'>215·</span> 
     </span>
     <span class='ocr_line' id='line_1_9' title="bbox 37 964 1027 1047; baseline 0.001 -22"><span class='ocrx_word' id='word_1_55' title='bbox 37 1010 40 1015; x_wconf 83' lang='lat'><em>-</em></span> <span class='ocrx_word' id='word_1_56' title='bbox 104 974 187 1046; x_wconf 90' lang='lat' dir='ltr'>rapta</span> <span class='ocrx_word' id='word_1_57' title='bbox 211 964 316 1047; x_wconf 84' lang='lat' dir='ltr'>Ceres,</span> <span class='ocrx_word' id='word_1_58' title='bbox 338 965 512 1044; x_wconf 89' lang='lat' dir='ltr'>uiridesque</span> <span class='ocrx_word' id='word_1_59' title='bbox 534 974 676 1043; x_wconf 88' lang='lat' dir='ltr'>premunt</span> <span class='ocrx_word' id='word_1_60' title='bbox 697 965 786 1045; x_wconf 90' lang='lat' dir='ltr'>longo</span> <span class='ocrx_word' id='word_1_61' title='bbox 809 964 913 1025; x_wconf 88' lang='lat' dir='ltr'>ordine</span> <span class='ocrx_word' id='word_1_62' title='bbox 937 967 1027 1044; x_wconf 86' lang='lat' dir='ltr'>ripas.</span> 
     </span>
     <span class='ocr_line' id='line_1_10' title="bbox 148 1053 937 1136; baseline -0.003 -21"><span class='ocrx_word' id='word_1_63' title='bbox 148 1053 248 1135; x_wconf 92' lang='lat' dir='ltr'>lncipe</span> <span class='ocrx_word' id='word_1_64' title='bbox 272 1073 353 1115; x_wconf 91' lang='lat' dir='ltr'>nunc</span> <span class='ocrx_word' id='word_1_65' title='bbox 376 1063 481 1115; x_wconf 89' lang='lat' dir='ltr'>cantus</span> <span class='ocrx_word' id='word_1_66' title='bbox 504 1053 590 1135; x_wconf 86' lang='lat' dir='ltr'>alios,</span> <span class='ocrx_word' id='word_1_67' title='bbox 613 1055 680 1136; x_wconf 82' lang='lat' dir='ltr'>dea,</span> <span class='ocrx_word' id='word_1_68' title='bbox 704 1057 826 1132; x_wconf 90' lang='lat' dir='ltr'>uisaque</span> <span class='ocrx_word' id='word_1_69' title='bbox 850 1053 937 1113; x_wconf 90' lang='lat' dir='ltr'>uobis</span> 
     </span>
     <span class='ocr_line' id='line_1_11' title="bbox 71 1141 1044 1225; baseline 0.001 -23"><span class='ocrx_word' id='word_1_70' title='bbox 71 1220 74 1225; x_wconf 18' lang='lat'>¹</span> <span class='ocrx_word' id='word_1_71' title='bbox 103 1141 267 1204; x_wconf 83' lang='lat' dir='ltr'>Thessalici</span> <span class='ocrx_word' id='word_1_72' title='bbox 289 1143 326 1203; x_wconf 92' lang='lat' dir='ltr'>da</span> <span class='ocrx_word' id='word_1_73' title='bbox 348 1143 425 1203; x_wconf 74' lang='lat' dir='ltr'>ltella</span> <span class='ocrx_word' id='word_1_74' title='bbox 448 1142 541 1203; x_wconf 89' lang='lat' dir='ltr'>ducis.</span> <span class='ocrx_word' id='word_1_75' title='bbox 587 1160 648 1203; x_wconf 92' lang='lat' dir='ltr'>non</span> <span class='ocrx_word' id='word_1_76' title='bbox 670 1161 756 1203; x_wconf 90' lang='lat' dir='ltr'>mens</span> <span class='ocrx_word' id='word_1_77' title='bbox 778 1143 864 1223; x_wconf 83' lang='lat' dir='ltr'>mihi,</span> <span class='ocrx_word' id='word_1_78' title='bbox 887 1160 947 1202; x_wconf 93' lang='lat' dir='ltr'>non</span> <span class='ocrx_word' id='word_1_79' title='bbox 970 1142 1044 1204; x_wconf 92' lang='lat' dir='ltr'>haec</span> 
     </span>
     <span class='ocr_line' id='line_1_12' title="bbox 75 1231 896 1311; baseline 0 -21"><span class='ocrx_word' id='word_1_80' title='bbox 75 1236 156 1291; x_wconf 89' lang='lat' dir='ltr'>&#39;ora</span> <span class='ocrx_word' id='word_1_81' title='bbox 179 1232 263 1311; x_wconf 83' lang='lat' dir='ltr'>satis3</span> <span class='ocrx_word' id='word_1_82' title='bbox 287 1238 412 1292; x_wconf 92' lang='lat' dir='ltr'>uentum</span> <span class='ocrx_word' id='word_1_83' title='bbox 434 1231 470 1291; x_wconf 91' lang='lat' dir='ltr'>ad</span> <span class='ocrx_word' id='word_1_84' title='bbox 494 1231 586 1293; x_wconf 88' lang='lat' dir='ltr'>lurias</span> <span class='ocrx_word' id='word_1_85' title='bbox 608 1231 787 1310; x_wconf 81' lang='lat' dir='ltr'>infandaque</span> <span class='ocrx_word' id='word_1_86' title='bbox 811 1238 896 1291; x_wconf 91' lang='lat' dir='ltr'>natae</span> 
     </span>
     <span class='ocr_line' id='line_1_13' title="bbox 104 1319 1123 1399; baseline 0.003 -20"><span class='ocrx_word' id='word_1_87' title='bbox 104 1319 224 1379; x_wconf 82' lang='lat' dir='ltr'><strong>foedera</strong></span> <span class='ocrx_word' id='word_1_88' title='bbox 247 1329 278 1380; x_wconf 92' lang='lat' dir='ltr'>et</span> <span class='ocrx_word' id='word_1_89' title='bbox 299 1319 450 1380; x_wconf 92' lang='lat' dir='ltr'>horrenda</span> <span class='ocrx_word' id='word_1_90' title='bbox 471 1321 618 1399; x_wconf 86' lang='lat' dir='ltr'>trepidam</span> <span class='ocrx_word' id='word_1_91' title='bbox 640 1320 696 1381; x_wconf 91' lang='lat' dir='ltr'>suh</span> <span class='ocrx_word' id='word_1_92' title='bbox 719 1322 837 1398; x_wconf 89' lang='lat' dir='ltr'>uirgine</span> <span class='ocrx_word' id='word_1_93' title='bbox 860 1337 1006 1398; x_wconf 86' lang='lat' dir='ltr'>puppem:</span> <span class='ocrx_word' id='word_1_94' title='bbox 1068 1331 1123 1382; x_wconf 75' lang='lat'>220</span> 
     </span>
     <span class='ocr_line' id='line_1_14' title="bbox 57 1409 926 1489; baseline 0.001 -22"><span class='ocrx_word' id='word_1_95' title='bbox 57 1446 61 1451; x_wconf 94' lang='lat'>-</span> <span class='ocrx_word' id='word_1_96' title='bbox 104 1409 194 1487; x_wconf 91' lang='lat' dir='ltr'>impia</span> <span class='ocrx_word' id='word_1_97' title='bbox 216 1410 416 1469; x_wconf 82' lang='lat' dir='ltr'>monstriferis</span> <span class='ocrx_word' id='word_1_98' title='bbox 440 1417 568 1487; x_wconf 85' lang='lat' dir='ltr'>surgunt</span> <span class='ocrx_word' id='word_1_99' title='bbox 590 1411 649 1469; x_wconf 93' lang='lat' dir='ltr'>iam</span> <span class='ocrx_word' id='word_1_100' title='bbox 670 1409 784 1489; x_wconf 87' lang='lat' dir='ltr'>proelia</span> <span class='ocrx_word' id='word_1_101' title='bbox 807 1410 926 1488; x_wconf 91' lang='lat' dir='ltr'>campis.</span> 
     </span>
     <span class='ocr_line' id='line_1_15' title="bbox 104 1496 889 1579; baseline 0 -23"><span class='ocrx_word' id='word_1_102' title='bbox 104 1504 172 1557; x_wconf 91' lang='lat' dir='ltr'>aute</span> <span class='ocrx_word' id='word_1_103' title='bbox 194 1496 293 1579; x_wconf 81' lang='lat' dir='ltr'>dolos,</span> <span class='ocrx_word' id='word_1_104' title='bbox 317 1506 384 1558; x_wconf 91' lang='lat' dir='ltr'>ante</span> <span class='ocrx_word' id='word_1_105' title='bbox 408 1496 491 1557; x_wconf 90' lang='lat' dir='ltr'>inlidi</span> <span class='ocrx_word' id='word_1_106' title='bbox 514 1506 614 1558; x_wconf 90' lang='lat' dir='ltr'>tamen</span> <span class='ocrx_word' id='word_1_107' title='bbox 637 1516 783 1577; x_wconf 83' lang='lat' dir='ltr'>exsequar</span> <span class='ocrx_word' id='word_1_108' title='bbox 806 1506 889 1557; x_wconf 87' lang='lat' dir='ltr'>astus</span> 
     </span>
     <span class='ocr_line' id='line_1_16' title="bbox 105 1584 807 1664; baseline 0.001 -20"><span class='ocrx_word' id='word_1_109' title='bbox 105 1584 259 1663; x_wconf 83' lang='lat' dir='ltr'>Soligenae</span> <span class='ocrx_word' id='word_1_110' title='bbox 283 1585 343 1645; x_wconf 91' lang='grc'><strong>13111</strong></span> <span class='ocrx_word' id='word_1_111' title='bbox 366 1588 465 1646; x_wconf 93' lang='lat' dir='ltr'>meriti</span> <span class='ocrx_word' id='word_1_112' title='bbox 488 1588 646 1664; x_wconf 91' lang='lat' dir='ltr'>meritique</span> <span class='ocrx_word' id='word_1_113' title='bbox 669 1585 807 1664; x_wconf 88' lang='lat' dir='ltr'>relinqui.</span> 
     </span>
     <span class='ocr_line' id='line_1_17' title="bbox 105 1671 970 1752; baseline 0.002 -20"><span class='ocrx_word' id='word_1_114' title='bbox 105 1671 188 1750; x_wconf 91' lang='lat' dir='ltr'>[inde</span> <span class='ocrx_word' id='word_1_115' title='bbox 211 1692 335 1734; x_wconf 91' lang='lat' dir='ltr'>canens:</span> <span class='ocrx_word' id='word_1_116' title='bbox 360 1673 497 1752; x_wconf 79' lang='lat' dir='ltr'>Scythica</span> <span class='ocrx_word' id='word_1_117' title='bbox 521 1676 622 1734; x_wconf 88' lang='lat' dir='ltr'>senior</span> <span class='ocrx_word' id='word_1_118' title='bbox 644 1676 704 1734; x_wconf 88' lang='lat' dir='ltr'>iam</span> <span class='ocrx_word' id='word_1_119' title='bbox 727 1674 804 1735; x_wconf 87' lang='lat' dir='ltr'>Solis</span> <span class='ocrx_word' id='word_1_120' title='bbox 826 1675 858 1733; x_wconf 94' lang='lat' dir='ltr'>in</span> <span class='ocrx_word' id='word_1_121' title='bbox 881 1673 970 1750; x_wconf 90' lang='lat' dir='ltr'>urbe]</span> 
     </span>
     <span class='ocr_line' id='line_1_18' title="bbox 104 1760 1123 1842; baseline 0.003 -22"><span class='ocrx_word' id='word_1_122' title='bbox 104 1761 163 1822; x_wconf 89' lang='lat' dir='ltr'>fata</span> <span class='ocrx_word' id='word_1_123' title='bbox 185 1760 309 1822; x_wconf 87' lang='lat' dir='ltr'>laborati</span> <span class='ocrx_word' id='word_1_124' title='bbox 332 1762 462 1823; x_wconf 80' lang='lat' dir='ltr'>Phrixus</span> <span class='ocrx_word' id='word_1_125' title='bbox 485 1762 688 1842; x_wconf 89' lang='lat' dir='ltr'>compleuerat</span> <span class='ocrx_word' id='word_1_126' title='bbox 711 1765 786 1824; x_wconf 88' lang='lat' dir='ltr'>aeui.</span> <span class='ocrx_word' id='word_1_127' title='bbox 1068 1775 1123 1824; x_wconf 79' lang='grc'>000</span> 
     </span>
     <span class='ocr_line' id='line_1_19' title="bbox 1 1844 794 1931; baseline 0.004 -22"><span class='ocrx_word' id='word_1_128' title='bbox 1 1844 3 1848; x_wconf 76' lang='grc'><strong>’</strong></span> <span class='ocrx_word' id='word_1_129' title='bbox 103 1850 182 1911; x_wconf 91' lang='lat' dir='ltr'>illius</span> <span class='ocrx_word' id='word_1_130' title='bbox 206 1859 339 1912; x_wconf 80' lang='lat' dir='ltr'>extremo</span> <span class='ocrx_word' id='word_1_131' title='bbox 363 1850 419 1912; x_wconf 87' lang='lat' dir='ltr'>sub</span> <span class='ocrx_word' id='word_1_132' title='bbox 443 1852 548 1912; x_wconf 87' lang='lat' dir='ltr'>sunere</span> <span class='ocrx_word' id='word_1_133' title='bbox 572 1854 647 1913; x_wconf 90' lang='lat' dir='ltr'>mira</span> <span class='ocrx_word' id='word_1_134' title='bbox 669 1860 794 1931; x_wconf 89' lang='lat' dir='ltr'>repente</span> 
     </span>
     <span class='ocr_line' id='line_1_20' title="bbox 104 1938 857 2020; baseline 0.001 -22"><span class='ocrx_word' id='word_1_135' title='bbox 104 1938 220 1999; x_wconf 87' lang='lat' dir='ltr'>flamma</span> <span class='ocrx_word' id='word_1_136' title='bbox 242 1939 304 2019; x_wconf 92' lang='lat' dir='ltr'>poli</span> <span class='ocrx_word' id='word_1_137' title='bbox 326 1958 492 2020; x_wconf 90' lang='lat' dir='ltr'>magnoque</span> <span class='ocrx_word' id='word_1_138' title='bbox 515 1943 594 2001; x_wconf 92' lang='lat' dir='ltr'>aries</span> <span class='ocrx_word' id='word_1_139' title='bbox 617 1943 755 2020; x_wconf 87' lang='lat' dir='ltr'>apparuit</span> <span class='ocrx_word' id='word_1_140' title='bbox 777 1948 857 2000; x_wconf 89' lang='lat' dir='ltr'>astro</span> 
     </span>
     <span class='ocr_line' id='line_1_21' title="bbox 104 2026 1041 2105; baseline 0.002 -18"><span class='ocrx_word' id='word_1_141' title='bbox 104 2045 234 2105; x_wconf 89' lang='lat' dir='ltr'>aequora</span> <span class='ocrx_word' id='word_1_142' title='bbox 256 2037 364 2089; x_wconf 91' lang='lat' dir='ltr'>cuncta</span> <span class='ocrx_word' id='word_1_143' title='bbox 386 2047 520 2089; x_wconf 88' lang='lat' dir='ltr'>mouens.</span> <span class='ocrx_word' id='word_1_144' title='bbox 567 2038 596 2089; x_wconf 89' lang='grc'>31</span> <span class='ocrx_word' id='word_1_145' title='bbox 618 2029 730 2090; x_wconf 89' lang='grc'><strong>0011033</strong></span> <span class='ocrx_word' id='word_1_146' title='bbox 753 2028 855 2089; x_wconf 90' lang='grc' dir='ltr'><strong>Μ33110</strong></span> <span class='ocrx_word' id='word_1_147' title='bbox 878 2031 909 2088; x_wconf 90' lang='grc'>10</span> <span class='ocrx_word' id='word_1_148' title='bbox 932 2026 1041 2089; x_wconf 90' lang='lat' dir='ltr'>umbra</span> 
     </span>
     <span class='ocr_line' id='line_1_22' title="bbox 103 2116 906 2196; baseline 0.001 -21"><span class='ocrx_word' id='word_1_149' title='bbox 103 2117 168 2195; x_wconf 91' lang='lat' dir='ltr'>ipse</span> <span class='ocrx_word' id='word_1_150' title='bbox 192 2118 239 2176; x_wconf 94' lang='lat' dir='ltr'>sui</span> <span class='ocrx_word' id='word_1_151' title='bbox 261 2116 390 2177; x_wconf 85' lang='lat' dir='ltr'>Phrixus</span> <span class='ocrx_word' id='word_1_152' title='bbox 414 2125 639 2178; x_wconf 78' lang='lat' dir='ltr'>monumentum</span> <span class='ocrx_word' id='word_1_153' title='bbox 661 2120 778 2196; x_wconf 82' lang='lat' dir='ltr'>insigne</span> <span class='ocrx_word' id='word_1_154' title='bbox 801 2116 906 2195; x_wconf 90' lang='lat' dir='ltr'>pericli</span> 
     </span>
     <span class='ocr_line' id='line_1_23' title="bbox 103 2204 1122 2286; baseline 0.002 -22"><span class='ocrx_word' id='word_1_155' title='bbox 103 2204 231 2282; x_wconf 87' lang='lat' dir='ltr'>liquerat</span> <span class='ocrx_word' id='word_1_156' title='bbox 254 2205 369 2266; x_wconf 82' lang='lat' dir='ltr'>ardenti</span> <span class='ocrx_word' id='word_1_157' title='bbox 392 2224 537 2284; x_wconf 86' lang='lat' dir='ltr'>quercum</span> <span class='ocrx_word' id='word_1_158' title='bbox 560 2206 702 2286; x_wconf 80' lang='lat' dir='ltr'>conplexa</span> <span class='ocrx_word' id='word_1_159' title='bbox 724 2205 852 2267; x_wconf 89' lang='lat' dir='ltr'>metallo.</span> <span class='ocrx_word' id='word_1_160' title='bbox 1069 2217 1122 2266; x_wconf 80' lang='lat'>230</span> 
     </span>
     <span class='ocr_line' id='line_1_24' title="bbox 104 2292 954 2374; baseline 0.002 -23"><span class='ocrx_word' id='word_1_161' title='bbox 104 2292 252 2371; x_wconf 92' lang='lat' dir='ltr'>quondam</span> <span class='ocrx_word' id='word_1_162' title='bbox 275 2296 366 2355; x_wconf 90' lang='lat' dir='ltr'>etiam</span> <span class='ocrx_word' id='word_1_163' title='bbox 388 2298 493 2356; x_wconf 81' lang='lat' dir='ltr'>tacitae</span> <span class='ocrx_word' id='word_1_164' title='bbox 516 2297 602 2356; x_wconf 89' lang='grc'><strong>01000</strong></span> <span class='ocrx_word' id='word_1_165' title='bbox 624 2314 679 2374; x_wconf 86' lang='grc'>003</span> <span class='ocrx_word' id='word_1_166' title='bbox 701 2303 836 2374; x_wconf 93' lang='lat' dir='ltr'>tempora</span> <span class='ocrx_word' id='word_1_167' title='bbox 858 2296 954 2354; x_wconf 91' lang='lat' dir='ltr'>noctis</span> 
     </span>
     <span class='ocr_line' id='line_1_25' title="bbox 103 2381 839 2463; baseline 0.001 -22"><span class='ocrx_word' id='word_1_168' title='bbox 103 2381 201 2459; x_wconf 83' lang='lat' dir='ltr'>effigie</span> <span class='ocrx_word' id='word_1_169' title='bbox 224 2390 321 2463; x_wconf 88' lang='lat' dir='ltr'>uasta,</span> <span class='ocrx_word' id='word_1_170' title='bbox 345 2401 542 2461; x_wconf 84' lang='lat' dir='ltr'>socerumque</span> <span class='ocrx_word' id='word_1_171' title='bbox 566 2386 713 2445; x_wconf 79' lang='lat' dir='ltr'>extorruit</span> <span class='ocrx_word' id='word_1_172' title='bbox 734 2387 839 2462; x_wconf 87' lang='lat' dir='ltr'>ingens</span> 
     </span>
     <span class='ocr_line' id='line_1_26' title="bbox 103 2466 849 2552; baseline 0.005 -23"><span class='ocrx_word' id='word_1_173' title='bbox 103 2469 220 2548; x_wconf 92' lang='lat' dir='ltr'>prodita</span> <span class='ocrx_word' id='word_1_174' title='bbox 242 2489 315 2532; x_wconf 76' lang='lat' dir='ltr'>crox:</span> <span class='ocrx_word' id='word_1_175' title='bbox 339 2466 369 2530; x_wconf 77' lang='lat' dir='ltr'>‘o</span> <span class='ocrx_word' id='word_1_176' title='bbox 393 2474 444 2549; x_wconf 92' lang='lat' dir='ltr'>qui</span> <span class='ocrx_word' id='word_1_177' title='bbox 465 2474 561 2552; x_wconf 90' lang='lat' dir='ltr'>patria</span> <span class='ocrx_word' id='word_1_178' title='bbox 583 2472 690 2533; x_wconf 91' lang='lat' dir='ltr'>tellure</span> <span class='ocrx_word' id='word_1_179' title='bbox 715 2473 849 2551; x_wconf 82' lang='lat' dir='ltr'>fugatum</span> 
     </span>
     <span class='ocr_line' id='line_1_27' title="bbox 104 2559 928 2641; baseline 0.002 -22"><span class='ocrx_word' id='word_1_180' title='bbox 104 2567 357 2641; x_wconf 87' lang='lat' dir='ltr'>quaerentemque</span> <span class='ocrx_word' id='word_1_181' title='bbox 380 2559 484 2621; x_wconf 92' lang='lat' dir='ltr'>domos</span> <span class='ocrx_word' id='word_1_182' title='bbox 507 2561 553 2622; x_wconf 89' lang='lat' dir='ltr'>his</span> <span class='ocrx_word' id='word_1_183' title='bbox 572 2579 619 2621; x_wconf 93' lang='lat' dir='ltr'>me</span> <span class='ocrx_word' id='word_1_184' title='bbox 644 2561 799 2622; x_wconf 90' lang='lat' dir='ltr'>considere</span> <span class='ocrx_word' id='word_1_185' title='bbox 822 2578 928 2640; x_wconf 87' lang='lat' dir='ltr'>passos</span> 
     </span>
     <span class='ocr_line' id='line_1_28' title="bbox 104 2646 1123 2732; baseline 0.001 -23"><span class='ocrx_word' id='word_1_186' title='bbox 104 2646 239 2731; x_wconf 83' lang='lat' dir='ltr'>sedibus,</span> <span class='ocrx_word' id='word_1_187' title='bbox 262 2648 359 2710; x_wconf 87' lang='lat' dir='ltr'>oblata</span> <span class='ocrx_word' id='word_1_188' title='bbox 381 2669 524 2729; x_wconf 83' lang='lat' dir='ltr'>generum</span> <span class='ocrx_word' id='word_1_189' title='bbox 544 2669 613 2712; x_wconf 85' lang='lat' dir='ltr'>mox</span> <span class='ocrx_word' id='word_1_190' title='bbox 634 2651 718 2730; x_wconf 91' lang='lat' dir='ltr'>prole</span> <span class='ocrx_word' id='word_1_191' title='bbox 741 2652 853 2732; x_wconf 86' lang='lat' dir='ltr'>petisti,</span> <span class='ocrx_word' id='word_1_192' title='bbox 1068 2661 1123 2710; x_wconf 75' lang='grc'>230</span> 
     </span>
     <span class='ocr_line' id='line_1_29' title="bbox 103 2736 920 2819; baseline -0.002 -20"><span class='ocrx_word' id='word_1_193' title='bbox 103 2744 175 2799; x_wconf 88' lang='grc'><strong>1000</strong></span> <span class='ocrx_word' id='word_1_194' title='bbox 199 2736 254 2798; x_wconf 92' lang='lat' dir='ltr'>tibi</span> <span class='ocrx_word' id='word_1_195' title='bbox 276 2756 439 2818; x_wconf 87' lang='lat' dir='ltr'>regnorum</span> <span class='ocrx_word' id='word_1_196' title='bbox 462 2738 543 2799; x_wconf 88' lang='lat' dir='ltr'>labos</span> <span class='ocrx_word' id='word_1_197' title='bbox 566 2739 725 2818; x_wconf 90' lang='lat' dir='ltr'>luctusque</span> <span class='ocrx_word' id='word_1_198' title='bbox 749 2747 920 2819; x_wconf 87' lang='lat' dir='ltr'>supersunt,</span> 
     </span>
     <span class='ocr_line' id='line_1_30' title="bbox 103 2827 812 2904; baseline 0.001 -18"><span class='ocrx_word' id='word_1_199' title='bbox 103 2832 187 2904; x_wconf 88' lang='lat' dir='ltr'>rapta</span> <span class='ocrx_word' id='word_1_200' title='bbox 212 2835 350 2904; x_wconf 87' lang='lat' dir='ltr'>soporato</span> <span class='ocrx_word' id='word_1_201' title='bbox 374 2827 486 2887; x_wconf 90' lang='grc'><strong>1003101</strong></span> <span class='ocrx_word' id='word_1_202' title='bbox 508 2846 578 2887; x_wconf 92' lang='lat' dir='ltr'>cum</span> <span class='ocrx_word' id='word_1_203' title='bbox 600 2828 712 2887; x_wconf 88' lang='lat' dir='ltr'>uellera</span> <span class='ocrx_word' id='word_1_204' title='bbox 735 2827 812 2889; x_wconf 90' lang='lat' dir='ltr'>luco.</span> 
     </span>
     <span class='ocr_line' id='line_1_31' title="bbox 102 2915 888 2993; baseline 0.004 -20"><span class='ocrx_word' id='word_1_205' title='bbox 102 2921 258 2992; x_wconf 90' lang='lat' dir='ltr'>praeterea</span> <span class='ocrx_word' id='word_1_206' title='bbox 280 2915 414 2974; x_wconf 84' lang='lat' dir='ltr'>infernae</span> <span class='ocrx_word' id='word_1_207' title='bbox 439 2934 514 2993; x_wconf 91' lang='lat' dir='ltr'>quae</span> <span class='ocrx_word' id='word_1_208' title='bbox 538 2934 619 2976; x_wconf 89' lang='lat' dir='ltr'>nunc</span> <span class='ocrx_word' id='word_1_209' title='bbox 642 2924 757 2977; x_wconf 90' lang='lat' dir='ltr'>sacrata</span> <span class='ocrx_word' id='word_1_210' title='bbox 779 2915 888 2976; x_wconf 87' lang='lat' dir='ltr'>Dionae</span> 
     </span>
     <span class='ocr_line' id='line_1_32' title="bbox 98 3001 964 3084; baseline 0.003 -23"><span class='ocrx_word' id='word_1_211' title='bbox 98 3001 164 3063; x_wconf 85' lang='lat' dir='ltr'>-lert</span> <span class='ocrx_word' id='word_1_212' title='bbox 182 3010 279 3063; x_wconf 92' lang='lat' dir='ltr'>castos</span> <span class='ocrx_word' id='word_1_213' title='bbox 302 3003 405 3063; x_wconf 87' lang='lat' dir='ltr'>Medea</span> <span class='ocrx_word' id='word_1_214' title='bbox 429 3002 536 3065; x_wconf 86' lang='lat' dir='ltr'>choros</span> <span class='ocrx_word' id='word_1_215' title='bbox 560 3023 780 3083; x_wconf 92' lang='lat' dir='ltr'>quemcumque</span> <span class='ocrx_word' id='word_1_216' title='bbox 802 3022 964 3084; x_wconf 93' lang='lat' dir='ltr'>procorum</span> 
     </span>
     <span class='ocr_line' id='line_1_33' title="bbox 103 3088 1124 3174; baseline 0.003 -24"><span class='ocrx_word' id='word_1_217' title='bbox 103 3098 190 3150; x_wconf 88' lang='lat' dir='ltr'>nacta</span> <span class='ocrx_word' id='word_1_218' title='bbox 212 3099 282 3170; x_wconf 92' lang='lat' dir='ltr'>peto</span> <span class='ocrx_word' id='word_1_219' title='bbox 305 3100 422 3152; x_wconf 90' lang='lat' dir='ltr'>maneat</span> <span class='ocrx_word' id='word_1_220' title='bbox 444 3096 545 3172; x_wconf 86' lang='lat' dir='ltr'>regnis</span> <span class='ocrx_word' id='word_1_221' title='bbox 568 3112 606 3154; x_wconf 94' lang='lat' dir='ltr'>ne</span> <span class='ocrx_word' id='word_1_222' title='bbox 629 3096 715 3172; x_wconf 89' lang='lat' dir='ltr'>uirgo</span> <span class='ocrx_word' id='word_1_223' title='bbox 739 3088 892 3174; x_wconf 67' lang='lat' dir='ltr'>paternis?</span> <span class='ocrx_word' id='word_1_224' title='bbox 1067 3104 1124 3154; x_wconf 76' lang='lat'>240</span> 
     </span>
     <span class='ocr_line' id='line_1_34' title="bbox 103 3177 732 3261; baseline 0.011 -25"><span class='ocrx_word' id='word_1_225' title='bbox 103 3177 177 3237; x_wconf 82' lang='lat' dir='ltr'>dixit</span> <span class='ocrx_word' id='word_1_226' title='bbox 200 3187 230 3241; x_wconf 89' lang='lat' dir='ltr'>et</span> <span class='ocrx_word' id='word_1_227' title='bbox 253 3180 369 3241; x_wconf 88' lang='lat' dir='ltr'>admota</span> <span class='ocrx_word' id='word_1_228' title='bbox 392 3184 504 3261; x_wconf 93' lang='lat' dir='ltr'>pariter</span> <span class='ocrx_word' id='word_1_229' title='bbox 528 3182 624 3243; x_wconf 86' lang='lat' dir='ltr'>satalia</span> <span class='ocrx_word' id='word_1_230' title='bbox 648 3185 732 3243; x_wconf 92' lang='lat' dir='ltr'>uisus</span> 
     </span>
     <span class='ocr_line' id='line_1_35' title="bbox 103 3266 900 3353; baseline 0.006 -28"><span class='ocrx_word' id='word_1_231' title='bbox 103 3266 222 3327; x_wconf 90' lang='lat' dir='ltr'>tradere</span> <span class='ocrx_word' id='word_1_232' title='bbox 246 3277 329 3349; x_wconf 88' lang='lat' dir='ltr'>terga</span> <span class='ocrx_word' id='word_1_233' title='bbox 347 3288 451 3353; x_wconf 81' lang='lat' dir='ltr'>manu,</span> <span class='ocrx_word' id='word_1_234' title='bbox 475 3279 540 3332; x_wconf 91' lang='lat' dir='ltr'>tum</span> <span class='ocrx_word' id='word_1_235' title='bbox 562 3271 635 3331; x_wconf 88' lang='grc'><strong>13100</strong></span> <span class='ocrx_word' id='word_1_236' title='bbox 659 3272 744 3332; x_wconf 89' lang='grc'><strong>10000</strong></span> <span class='ocrx_word' id='word_1_237' title='bbox 768 3271 804 3332; x_wconf 80' lang='lat' dir='ltr'>alr</span> <span class='ocrx_word' id='word_1_238' title='bbox 828 3289 900 3331; x_wconf 90' lang='lat' dir='ltr'>auro</span> 
     </span>
     <span class='ocr_line' id='line_1_36' title="bbox 99 3360 834 3439; baseline 0.005 -25"><span class='ocrx_word' id='word_1_239' title='bbox 99 3373 226 3416; x_wconf 90' lang='lat' dir='ltr'>currere</span> <span class='ocrx_word' id='word_1_240' title='bbox 249 3376 304 3436; x_wconf 90' lang='lat' dir='ltr'>per</span> <span class='ocrx_word' id='word_1_241' title='bbox 327 3362 436 3419; x_wconf 92' lang='lat' dir='ltr'>summi</span> <span class='ocrx_word' id='word_1_242' title='bbox 460 3360 558 3439; x_wconf 84' lang='lat' dir='ltr'>fulgor</span> <span class='ocrx_word' id='word_1_243' title='bbox 581 3360 730 3438; x_wconf 89' lang='lat' dir='ltr'>laquearia</span> <span class='ocrx_word' id='word_1_244' title='bbox 755 3362 834 3421; x_wconf 89' lang='lat' dir='ltr'>tecti.</span> 
     </span>
     <span class='ocr_line' id='line_1_37' title="bbox 92 3443 1054 3529; baseline 0.01 -30"><span class='ocrx_word' id='word_1_245' title='bbox 92 3443 233 3503; x_wconf 84' lang='lat' dir='ltr'>membra</span> <span class='ocrx_word' id='word_1_246' title='bbox 257 3448 332 3507; x_wconf 89' lang='lat' dir='ltr'>toris</span> <span class='ocrx_word' id='word_1_247' title='bbox 355 3450 433 3529; x_wconf 89' lang='lat' dir='ltr'>rapit</span> <span class='ocrx_word' id='word_1_248' title='bbox 456 3448 505 3510; x_wconf 91' lang='lat' dir='ltr'>ille</span> <span class='ocrx_word' id='word_1_249' title='bbox 529 3457 674 3529; x_wconf 86' lang='lat' dir='ltr'>tremens,</span> <span class='ocrx_word' id='word_1_250' title='bbox 698 3450 888 3527; x_wconf 91' lang='lat' dir='ltr'>patriumque</span> <span class='ocrx_word' id='word_1_251' title='bbox 911 3455 1054 3528; x_wconf 89' lang='lat' dir='ltr'>precatur</span> 
     </span>
     <span class='ocr_line' id='line_1_38' title="bbox 75 3538 1129 3622; baseline 0.011 -35"><span class='ocrx_word' id='word_1_252' title='bbox 75 3541 197 3589; x_wconf 74' lang='lat' dir='ltr'>oramen</span> <span class='ocrx_word' id='word_1_253' title='bbox 222 3544 254 3596; x_wconf 88' lang='lat' dir='ltr'>et</span> <span class='ocrx_word' id='word_1_254' title='bbox 277 3554 337 3599; x_wconf 94' lang='lat' dir='ltr'>eoo</span> <span class='ocrx_word' id='word_1_255' title='bbox 360 3548 528 3622; x_wconf 88' lang='lat' dir='ltr'>surgentes</span> <span class='ocrx_word' id='word_1_256' title='bbox 552 3538 642 3603; x_wconf 88' lang='lat' dir='ltr'>litore</span> <span class='ocrx_word' id='word_1_257' title='bbox 666 3555 792 3600; x_wconf 79' lang='lat' dir='ltr'>currus:</span> <span class='ocrx_word' id='word_1_258' title='bbox 1068 3547 1129 3599; x_wconf 70' lang='grc'>010</span> 
     </span>
    </p>
   </div>
   <div class='ocr_carea' id='block_1_3' title="bbox 0 0 1196 3878">
    <p class='ocr_par' dir='ltr' id='par_1_3' title="bbox 0 0 1196 3878">
     <span class='ocr_line' id='line_1_39' title="bbox 0 0 1196 3878; baseline 0 0"><span class='ocrx_word' id='word_1_259' title='bbox 0 0 1196 3878; x_wconf 95' lang='lat' dir='ltr'> </span> 
     </span>
    </p>
   </div>
  </div>
 </body>
</html>
