2384 3878
100 190 164 256 150
445 189 475 245 Ο.
493 189 631 244 VALERI
647 189 776 245 smodi

100 341 160 401 laia
182 340 288 401 domus
308 339 484 419 luctumque
508 340 608 400 serens
632 339 826 420 fraudemque
850 340 1010 419 fugamque
1065 351 1135 400 135*

99 430 234 508 uirginis.
280 428 349 489 hinc
373 427 481 489 subitis
505 428 616 489 effulsit
637 429 731 490 irater
753 431 785 489 in
808 431 908 510 armis,

99 517 173 579 urbs
197 519 285 579 eiiam
308 534 377 578 mox
400 524 462 578 eote
485 520 559 599 coit,
582 517 663 578 uolet
684 520 750 598 ipse
773 527 911 579 senectae
976 512 978 518 ⁸

100 610 256 668 immemor
279 605 400 687 Aeetes,
424 606 611 686 complentur
633 605 722 668 litore
744 606 823 667 bello

100 698 295 775 nequiquam3
312 695 395 774 -iugit
416 697 548 756 inmissis
571 713 640 756 nem
659 697 772 776 puppis
794 694 928 756 hebenis.

144 784 238 845 Meter
262 783 396 845 adhunc
420 783 520 846 unhas
542 783 683 846 tendebat
705 787 737 845 in
761 802 891 864 aequore
913 783 1027 864 palmus
1065 796 1116 846 140

102 881 133 934 el
156 891 241 933 soror
265 872 360 952 adque
383 891 488 934 omnes
512 873 584 934 elice
608 880 779 953 matresque
803 891 959 952 nurusque

102 961 257 1022 Colchides
281 961 478 1042 aequalesque
501 961 570 1044 tihi,
589 961 710 1043 lledee,
733 962 858 1041 puellae.

102 1058 183 1113 extol
205 1051 267 1111 sole
289 1069 397 1131 parens
420 1049 584 1131 impletque
607 1042 890 1112 ululatibus'eures.
985 1112 987 1117 .

101 1135 186 1200 ‘siste
209 1139 321 1221 lugam,
344 1141 442 1200 medio
465 1140 546 1200 refer
568 1139 628 1200 huc
646 1158 688 1200 ex
711 1157 840 1218 aequore
863 1157 1010 1221 puppem

43 1293 50 1299 ,
102 1235 182 1308 noia,
197 1235 299 1307 potes.
345 1223 416 1306 quo’
440 1228 546 1289 clamat
569 1223 667 1289 ‘aliisi
688 1227 738 1288 hic
761 1227 849 1289 turbo
872 1236 995 1290 unorum
1064 1238 1114 1290 146

102 1319 199 1377 omnis
222 1318 369 1377 clirecus
391 1316 525 1378 nondum
547 1325 646 1398 pster3
669 1317 742 1378 haec
766 1325 817 1379 tuo
840 1317 928 1378 tellus

103 1413 289 1485 sceptraque.
335 1405 406 1485 quid
429 1407 519 1468 terris
540 1406 635 1468 solem
657 1413 687 1468 ie
711 1406 809 1468 credis
832 1402 979 1467 Achaeis?

103 1497 170 1575 quis
193 1493 277 1556 locus
299 1493 434 1555 Inachias
456 1498 536 1556 inter
558 1494 626 1576 obi,
649 1494 787 1576 borbore,
811 1491 918 1556 netas?

104 1585 198 1644 islone
222 1591 292 1644 uoto
315 1582 421 1644 domus
445 1586 651 1663 expectatique
675 1579 853 1663 hymenaei?

104 1671 183 1732 hunc
205 1673 279 1751 petii
300 1673 470 1751 grandaeua
489 1669 592 1734 diem?
614 1672 725 1733 uellem
747 1671 897 1752 unguibus
920 1674 1017 1754 uncis,
1059 1682 1113 1733 :150

104 1769 139 1822 ut
161 1760 307 1841 uolucris,
327 1778 450 1840 possem
472 1761 631 1842 praedonis
651 1764 685 1822 in
708 1763 803 1841 ipsius
826 1779 878 1822 ore

103 1853 149 1911 ire
173 1857 327 1930 ratemque
348 1869 454 1932 supro,
478 1851 617 1930 cleroque
641 1868 802 1930 reposcere
825 1859 915 1910 centu

104 1957 194 2018 quam
216 1941 314 2018 genui.
360 1938 472 1999 Albano
495 1939 551 2000 luit
573 1938 647 2000 hoec
669 1941 815 2019 promissa
837 1947 973 2020 tyranno,

105 2045 166 2088 non
188 2026 255 2108 tibi3
279 2027 321 2088 nil
343 2036 444 2098 tecum
467 2029 569 2090 miseri
591 2030 732 2107 pepigere
755 2034 906 2109 parentes,
1107 2086 1111 2095 ,

105 2115 265 2198 Aesonide3
288 2134 348 2176 non
370 2116 427 2177 hoc
449 2116 545 2178 Pelias
569 2116 698 2177 euodere
721 2116 802 2177 lurco
1070 2124 1118 2176 lod

105 2212 134 2265 te
158 2205 242 2266 iubet
263 2213 315 2267 eut
337 2205 411 2266 ullas
435 2205 552 2267 Colchis
575 2205 723 2267 ebducere
747 2212 839 2266 netas.

104 2293 204 2354 uellus
226 2292 300 2354 habe
325 2303 355 2354 et
377 2296 489 2355 nosuis
512 2293 611 2374 siquid
635 2313 726 2373 super
749 2295 850 2374 accipe
873 2291 1002 2373 templis.

107 2383 159 2442 sed
183 2381 254 2460 quid
278 2400 332 2461 ego
357 2400 536 2462 quemquem
558 2384 706 2444 inmeritis
729 2383 834 2443 incuso
858 2377 1023 2461 querellis?

105 2472 170 2550 ipsa
194 2470 269 2550 fugit
292 2478 433 2551 tantoque
459 2464 573 2554 (nelos)
597 2472 662 2550 ipse
685 2470 770 2532 ardet
793 2488 902 2532 amore.

106 2559 163 2619 hoc
187 2567 264 2640 eret,
288 2559 404 2641 infelix,
428 2553 571 2643 (redeunt
588 2577 662 2621 nem
684 2558 800 2638 singula
823 2553 930 2641 menri)
1062 2569 1119 2618 loo

107 2667 144 2708 ex
168 2667 227 2728 quo
251 2648 413 2710 Thessalici
437 2648 595 2711 subierunt
617 2652 710 2710 litora
732 2651 817 2722 remi,

107 2737 187 2817 quod
211 2736 307 2799 nullae
331 2745 378 2820 te,
401 2746 482 2820 nate,
506 2738 610 2818 dapes,
632 2756 693 2798 non
716 2736 775 2798 ulla
797 2735 940 2797 iuualoont

106 2833 137 2887 ie
160 2828 233 2887 ioca.
280 2844 340 2886 non
363 2826 441 2888 ullus
464 2826 518 2887 tibi
540 2835 606 2888 tum
629 2826 723 2906 color,
745 2842 893 2904 aegreque
917 2822 1011 2886 uerbo

108 2923 303 2995 errantesque
327 2933 432 2995 genoe3
456 2924 545 2995 etque
567 2914 664 2976 alieno
688 2912 724 2974 ad
747 2913 853 2993 gaudia
875 2913 963 2975 uultu

109 3022 228 3084 semper
251 3023 327 3065 eres,
374 3023 428 3065 cur
451 3011 531 3066 iente
549 3003 627 3065 mihi
650 3021 710 3065 non
732 3003 852 3083 prodito
874 3003 992 3082 pestis,¹
1066 3010 1121 3071 dod

108 3099 143 3152 ut
166 3111 258 3171 gener
281 3093 443 3154 Aesonides
466 3101 569 3155 nostro
592 3092 763 3154 consideret
785 3091 852 3152 ardo

108 3199 164 3242 nec
188 3181 277 3243 telem
298 3189 435 3261 peterere
459 3179 579 3261 lugam?
603 3199 759 3242 commune
783 3181 890 3241 luisset

109 3278 160 3330 aut
183 3277 265 3330 certe
288 3278 388 3332 tecum
411 3289 498 3332 omne
522 3271 618 3351 nelos,
640 3272 753 3331 iremus
776 3276 807 3330 et
830 3266 932 3329 ambae

109 3360 140 3418 in
165 3376 366 3438 quoscumque
390 3362 467 3440 uias;
489 3361 602 3439 periter
624 3361 746 3439 petiisse
768 3360 887 3419 iuuaret

100 3444 286 3508 Thessaliam
311 3456 341 3509 et
364 3450 448 3512 sceui
472 3447 718 3530 qualemcumque
741 3446 868 3526 hospitis
891 3440 1020 3507 urbem?
1069 3455 1125 3506 iro

77 3530 130 3586 sic
149 3539 313 3622 genetrix,
337 3540 499 3623 similique
523 3539 633 3623 implet
655 3554 742 3600 soror
765 3536 868 3596 omme
887 3541 999 3611 qneseu
