2384 3878
128 206 172 271 54
467 203 497 260 (l.
516 205 653 260 VhIsllllI
671 203 801 260 FLAOCI
861 206 864 211 '

129 357 258 436 dilapsae
282 374 351 417 cum
373 354 456 435 prole
480 372 589 434 nurus,
610 354 789 433 tandemque
813 357 974 433 quiescunt

128 448 248 507 dissona
269 443 408 526 peruiglli
430 443 551 525 planctu
573 443 661 525 uada,
686 442 812 523 qualiter
834 450 932 503 arctos

129 536 165 596 ad
187 536 298 614 patrias
321 533 427 596 auibus
450 533 548 595 medio
571 535 630 593 iam
652 550 725 594 uere
748 534 879 593 reuectis
1097 532 1155 596 360'

128 624 274 704 Memphis
297 631 327 684 et
350 625 443 703 aprici
466 623 553 683 statio
577 623 645 683 silet
667 638 765 682 annua
787 620 855 682 Nili.
883 628 886 633 '

171 715 208 774 At
231 731 290 774 non
313 712 382 773 inde
406 712 470 773 dies
493 729 548 772 nec
572 730 647 790 quae
670 712 764 790 magis
787 728 892 790 aspera
915 713 997 772 curis
1061 714 1063 719 ’

129 820 188 863 nox
210 801 322 881 Minyas
345 809 427 863 tanta
450 819 607 863 caesorum
630 799 666 862 ah
688 801 816 880 imagine
840 799 938 860 soluit.

129 890 175 952 his
198 891 319 972 zephyri
340 893 399 951 iam
422 890 489 952 uela
511 899 634 972 uocant,
657 889 764 950 fiducia
787 890 907 950 maestis
1028 954 1034 959 ,

129 981 209 1042 nulla
233 982 320 1061 uiris3
344 998 431 1060 aegra
454 981 576 1041 adsiduo
600 997 685 1040 mens
708 980 843 1058 carpitur
864 985 958 1058 aestu,
1096 990 1148 1040 aot

129 1070 256 1131 necdum
280 1088 384 1130 omnes
408 1068 544 1130 lacrimas
567 1068 663 1147 adque
687 1069 785 1129 omnia
808 1067 924 1128 reddita
947 1068 1044 1128 caesis

128 1162 206 1220 iusta
229 1166 347 1239 putant3
369 1161 465 1238 patria
487 1176 525 1219 ex
547 1157 642 1218 oculis
665 1175 793 1237 acerque
817 1156 953 1241 lahor'nm

128 1248 234 1328 pulsus
257 1266 340 1309 amor
363 1249 505 1327 segnique
529 1249 613 1308 iuuat
635 1247 797 1326 frigescere
821 1245 912 1306 luctu.

129 1339 193 1416 ipse
217 1340 306 1399 etiam
328 1336 504 1417 Aesonides,
527 1354 706 1416 quamquam
729 1336 899 1397 tristissima
922 1350 1026 1395 rerum

129 1426 297 1505 castiganda
320 1426 389 1488 duci
412 1426 557 1505 uultuque
581 1425 742 1505 premenda
765 1442 882 1503 sereno,
1096 1435 1146 1484 370

129 1514 266 1576 dulcibus
289 1515 422 1594 indulget
444 1515 574 1576 lacrimis
597 1517 752 1594 aperitque
776 1513 917 1574 dolorem.

129 1613 193 1664 tum
212 1612 327 1665 secreta
350 1604 471 1665 trahens
494 1602 667 1665 Phoebeum
689 1604 725 1664 ad
748 1602 835 1670 litora
858 1601 995 1681 Mopsum

130 1687 298 1772 ‘quaenam’
322 1695 362 1754 ait
386 1687 454 1754 ‘ista
476 1693 556 1774 lues,
579 1699 630 1754 aut
654 1710 729 1770 quae
753 1692 900 1753 sententia
922 1686 1049 1753 diuum?

128 1782 305 1842 decretusne
330 1784 414 1843 uenit
436 1783 496 1844 lato
519 1777 636 1861 pauor?
659 1800 696 1843 an
720 1779 776 1842 sihi
799 1787 925 1842 nectunt

25 1934 30 1939 ,
127 1871 219 1933 corda
241 1868 362 1933 moras?
386 1890 441 1933 cur
463 1874 653 1932 immemores
677 1871 830 1951 lamaeque
854 1870 984 1950 larisque
1096 1880 1145 1932 aro

23 2016 26 2021 .
127 1957 286 2039 angimur?
308 1969 358 2022 aut
381 1963 478 2040 pariet
500 1979 660 2039 quemnam
682 1959 755 2022 hacc
778 1961 897 2039 ignauia
919 1955 1043 2021 lineml'

173 2044 298 2109 ‘Dicam'
322 2051 363 2109 ait
386 2045 431 2110 ‘ac
454 2052 575 2129 penitus
600 2067 704 2111 causas
727 2049 883 2129 labemque
907 2044 1034 2110 doceho'

127 2137 261 2220 Mopsus,
285 2144 315 2199 et
338 2144 418 2199 astra
440 2147 530 2200 tuens
554 2134 626 2199 ‘non
650 2141 675 2199 si
697 2137 833 2200 mortalia
856 2135 990 2200 membra

128 2229 312 2307 sortitusque
336 2227 446 2289 breues
468 2236 498 2288 et
521 2231 607 2307 parui
630 2236 765 2307 tempora
787 2228 840 2288 lati

127 2319 328 2397 perpetimur,
351 2319 451 2378 socius
474 2319 576 2397 superi
600 2317 749 2396 quondam
772 2318 849 2396 ignis
873 2315 998 2397 Olympi,
1096 2325 1147 2376 380

129 2404 172 2464 las
195 2404 263 2465 ideo
286 2406 413 2467 miscere
436 2423 527 2466 neces
551 2407 691 2484 ferroque
715 2413 866 2467 morantes

129 2493 248 2572 exigere
272 2493 342 2555 hinc
365 2494 477 2555 animas
500 2493 695 2573 redituraque
718 2496 832 2557 semina
855 2492 945 2555 caelo,

129 2584 239 2663 quippe
264 2601 319 2644 nec
342 2585 374 2644 in
397 2592 504 2644 uentos
527 2602 583 2645 nec
607 2585 638 2645 iu
662 2583 766 2644 ultima
789 2583 935 2645 soluimur
957 2599 1040 2662 ossa3

129 2672 174 2732 ira
197 2683 296 2734 ruanet
320 2673 466 2753 duratque
491 2672 584 2734 dolor.
631 2691 700 2734 cum
723 2673 829 2733 deinde
853 2671 1001 2733 tremendi

128 2760 165 2820 ad
189 2759 295 2822 solium
318 2779 429 2823 uenere
453 2761 533 2823 louis
556 2770 725 2842 questuque
748 2760 906 2823 uelandam
1095 2770 1147 2821 ³85

129 2849 276 2910 edocuere
300 2867 420 2930 necem,
443 2857 527 2928 patet
549 2849 615 2910 ollis
638 2853 725 2911 ianua
748 2850 800 2911 leti

129 2938 224 3016 adque
248 2939 357 2998 iterum
381 2956 517 2998 remeare
541 2938 623 3020 licet;
647 2957 748 3000 comes
770 2958 830 3000 una
853 2956 992 3000 sororum

130 3026 249 3087 additur
273 3035 303 3088 et
325 3028 437 3106 pariter
460 3035 558 3088 terras
582 3035 671 3108 atque
695 3035 824 3108 aequora
847 3028 984 3089 lustrant.

129 3116 255 3194 quisque
279 3117 341 3176 suis
365 3124 466 3177 sontes
481 3118 659 3197 inimicaque
682 3126 804 3196 pectora
827 3119 932 3197 poenis

129 3203 252 3282 inplicat
275 3213 306 3265 et
327 3207 410 3266 uaria
432 3207 557 3266 meritos
576 3205 734 3267 formidine
757 3206 885 3286 pulsant.
1096 3216 1149 3266 aaa

130 3299 160 3354 at
184 3292 293 3372 quihus
316 3296 411 3355 inuito
435 3295 614 3356 maduerunt
636 3297 780 3374 sanguine
803 3295 934 3373 dextrae,

130 3384 155 3443 si
179 3382 242 3442 fors
266 3400 355 3443 saeua
376 3384 446 3445 tulit
468 3385 603 3464 miseros,
627 3383 680 3444 sed
703 3386 838 3463 proxima
859 3382 974 3463 culpae,

131 3471 187 3532 hos
211 3473 303 3533 uariis
325 3490 411 3533 mens
434 3474 497 3552 ipsa
520 3468 616 3534 modis
639 3475 699 3552 agit
722 3481 752 3533 et
775 3490 829 3533 sua
852 3480 979 3552 carpunt

113 3558 199 3618 arcta
223 3561 325 3624 ulros:
344 3561 465 3626 resides
490 3570 521 3625 et
545 3564 605 3626 iam
628 3561 671 3624 uil
693 3561 821 3643 amplius
842 3563 910 3620 ausi
