2384 3878
335 253 628 313 ARGONAUTIGON
644 258 753 316 LIBER
771 252 807 310 Π·

60 405 234 484 inrupitque
259 403 375 487 domos,
399 413 430 467 et
453 406 643 486 singultantia
666 418 785 489 gestans

61 511 115 553 ora
137 511 227 555 manu
250 493 379 574 taboque
404 497 487 557 sinus
509 496 631 576 perlusa
653 500 768 560 recenti

62 590 236 663 arrectaque
261 601 345 644 coma
369 580 502 646 ‘meritos
526 605 564 648 en
586 590 681 667 prima
705 596 844 649 reuertar

62 672 126 732 ulta
148 679 245 755 toros,
267 674 378 753 premit
401 692 471 734 ecce
495 670 579 736 dies'.
626 685 690 738 tum
712 676 840 738 uerbere
864 679 960 739 uictas

61 763 93 821 in
117 761 261 824 thalamos
285 765 345 842 agit
368 771 398 824 et
421 764 631 826 cunctantibus
654 768 761 827 inserit
784 785 880 828 enses.
1029 773 1082 826 215

61 850 142 911 crude
167 870 221 932 ego
244 859 290 913 tot
313 851 461 914 scelerum
484 853 588 937 iacies,
612 862 656 915 tot
679 856 737 916 lata
760 856 910 917 iacentum

63 935 215 1018 exequar?
237 941 297 1002 heu
319 949 420 1002 uatem
442 944 586 1003 monstris
610 942 719 1022 quibus
741 943 842 1005 intulit
864 941 951 1005 ordol

63 1046 139 1107 quae
163 1047 195 1090 se
220 1028 316 1110 aperit
340 1029 447 1092 scriesl
471 1049 488 1090 o
513 1034 564 1111 qui
587 1051 634 1093 me
659 1051 731 1093 uera
755 1040 911 1094 canentem

63 1119 149 1178 sistat
172 1126 202 1179 et
223 1118 278 1180 hac
302 1128 420 1181 nostras
444 1119 578 1181 exsoluat
600 1122 726 1201 imagine
751 1120 860 1182 cartasl

61 1206 209 1268 inuadunt
231 1216 315 1270 artus
339 1217 369 1270 et
393 1208 541 1288 quondam
566 1228 634 1270 cara
657 1229 781 1271 suorum
1027 1219 1081 1270 220

63 1313 203 1375 corpora:
225 1316 309 1380 pars,
332 1305 366 1359 ut
389 1306 475 1359 erant
497 1298 622 1378 dapibus
645 1301 776 1378 uinoque
801 1299 909 1380 sopori,

60 1386 190 1468 ignaros,
213 1405 283 1466 pars
306 1389 458 1448 insomnes
482 1395 512 1448 et
535 1396 642 1449 cuncta
665 1395 793 1449 tuentes.

62 1472 115 1534 sed
139 1482 285 1555 temptare
310 1477 409 1555 lugam
431 1475 629 1555 prohibetque
653 1494 809 1556 capessere
833 1482 937 1536 contra

62 1580 144 1625 arma
167 1572 278 1646 metus;
303 1565 375 1625 adeo
398 1567 535 1644 ingentes
557 1568 676 1627 irrimica
700 1566 798 1627 uideri
1026 1573 1079 1624 225

63 1651 132 1714 diua
156 1652 251 1736 dabat,
274 1661 404 1733 notaque
429 1662 514 1714 sonat
531 1673 591 1715 uox
614 1657 739 1734 coniuge
764 1656 866 1715 maior.

62 1749 179 1803 tantum
202 1743 304 1805 oculos
327 1761 465 1823 pressere
488 1762 592 1825 mauu,
615 1742 700 1805 uelut
722 1745 838 1822 agmina
861 1747 986 1802 cernant

61 1829 262 1893 Eumenidum
284 1833 438 1893 ferrumne
462 1850 552 1912 super
575 1832 696 1894 Bellona
719 1839 866 1893 coruscet.

62 1917 119 1980 hoo
144 1939 242 2003 soror,
265 1921 323 1982 hoc
347 1922 490 2002 coniunx,
513 1923 696 2001 propiorque
719 1920 776 1981 hoc
799 1927 867 1980 nata
889 1936 1058 1998 parensque

63 2026 152 2069 saeua
174 2010 267 2091 ualet3
289 2028 475 2089 prensosque
499 2011 573 2070 toris
596 2016 764 2088 mactatque
787 2007 937 2087 trahitque
1029 2017 1082 2068 230

64 2097 226 2160 femineum
249 2092 358 2180 genus,
381 2100 515 2160 inmanes
540 2117 614 2178 quos
638 2106 773 2161 sternere
796 2097 881 2158 Bessi

63 2205 119 2247 neo
144 2186 263 2249 Geticae
285 2197 411 2268 potuere
434 2206 541 2249 manus
564 2196 615 2249 aut
638 2190 776 2267 aequoris
794 2189 865 2247 irae.

62 2277 86 2335 it
110 2295 200 2337 cruor
223 2279 254 2338 in
277 2275 412 2338 thalamis
437 2284 467 2337 et
490 2276 595 2337 anhelo
618 2279 650 2337 in
673 2284 795 2356 pectore
820 2277 935 2336 sumant

62 2365 190 2426 uulnera
213 2384 305 2445 seque
328 2368 403 2426 toris
427 2368 537 2426 misero
560 2365 720 2427 luctamine
744 2367 844 2425 trunci

63 2453 237 2516 deuoluunt.
283 2449 363 2515 diras
387 2454 459 2515 aliae
483 2453 519 2514 ad
542 2455 658 2534 fastigia
681 2454 781 2515 taedas
1028 2460 1081 2513 235

61 2543 191 2605 iniciunt
214 2544 390 2623 adstantque
415 2544 531 2604 domos:
550 2562 628 2621 pars
652 2547 723 2605 inde
745 2547 885 2604 uirorum

63 2639 241 2711 consumpto
265 2635 296 2693 io
319 2650 420 2694 somno
441 2636 585 2707 flammis,
608 2651 678 2712 pars
701 2631 820 2711 ignibus
843 2631 901 2690 acti

63 2721 210 2801 effugiunt
232 2740 375 2802 propere,
399 2720 451 2781 sed
474 2720 548 2781 dura
571 2723 603 2780 in
625 2720 727 2780 limine
751 2721 881 2780 coniunx

63 2808 181 2872 obsidet
203 2818 234 2872 et
256 2812 323 2871 uiso
346 2816 488 2889 repetunt
510 2808 647 2868 incendia
670 2809 759 2868 ferro.

64 2907 110 2960 ast
133 2898 205 2961 aliae
229 2898 391 2960 Thraessas
414 2897 511 2959 labem
534 2916 711 2977 causamque
735 2898 846 2958 furoris

63 2988 228 3071 deripiunt3
252 2990 336 3049 mixti
359 2989 487 3067 gemitus
511 2987 681 3066 clamorque
705 2993 880 3067 precantum
1028 2994 1082 3045 240

62 3077 208 3139 barbarus
231 3079 408 3157 ignotaeque
432 3075 594 3157 implebant
618 3076 738 3136 aethera
760 3093 859 3135 uoces

110 3166 169 3227 Sed
191 3166 246 3228 tibi
269 3184 350 3227 nunc
374 3183 449 3245 quae
473 3166 561 3245 digna
583 3167 644 3225 tuis
666 3162 836 3243 ingentibus
860 3163 940 3222 ausis

63 3274 131 3316 orsa
155 3257 262 3338 leram,
286 3255 377 3316 decus
402 3261 432 3314 et
453 3257 566 3333 patriae
589 3252 653 3313 laus
677 3271 736 3313 una
760 3253 897 3332 furentis,

62 3339 245 3426 Hypsipyle?
268 3363 328 3405 non
351 3343 410 3404 ulla
433 3361 500 3403 meo
523 3351 553 3405 te
577 3344 707 3403 carmine
732 3341 841 3401 dictam

64 3433 255 3516 ahstulerint,
279 3434 388 3494 durent
411 3430 503 3492 Latiis
525 3431 614 3492 modo
638 3431 755 3492 saecula
779 3431 862 3490 lastis
1029 3437 1083 3488 245

63 3522 204 3602 Iliacique
227 3522 305 3583 lares
328 3524 462 3600 tantique
485 3520 592 3601 palatia
614 3523 708 3600 regni.

63 3613 221 3674 imnerant
244 3619 325 3672 actae
346 3613 462 3692 pariter
484 3617 632 3692 nataeque
652 3626 816 3691 nurusque
