2384 3878
333 193 625 249 ARGONAUTIOON
643 194 752 249 LLBER
769 195 790 249 I.

56 360 113 403 nec
134 340 273 421 scopulos
297 350 348 402 aut
370 350 455 402 antra
478 345 576 403 minax
599 345 682 403 iuxta
705 343 797 403 altera
820 343 908 404 tellus

55 433 206 493 cernitur:
229 430 277 490 illa
300 430 444 492 Acamans
467 431 580 492 habitat
603 432 761 511 nudusque
785 432 938 512 Pyragmo.

55 519 110 580 has
133 518 227 580 nimbi
250 521 392 599 uentique
417 520 519 581 domos
543 528 573 581 et
596 522 737 600 naufraga
761 531 862 583 seruat

56 616 233 689 tempestas3
256 608 326 669 hino
349 611 380 669 in
403 618 499 669 terras
523 610 673 688 latumque
698 611 880 688 profundum
1020 623 1072 674 585

58 707 105 759 est
127 699 201 778 iter,
224 697 295 758 hinc
318 697 388 758 olim
412 697 491 758 soliti
513 701 640 759 miscere
663 698 825 779 polumque

56 785 220 864 infelixque
245 786 355 847 fretum
380 781 493 868 (neque
518 790 597 847 enim
620 796 692 848 tunc
716 788 824 849 heolus
847 789 905 850 illis

58 883 159 936 rector
182 884 261 956 erat,
284 874 374 955 Libya
398 894 467 936 omn
490 885 643 954 rumperet
667 876 781 936 aduena
805 877 914 957 Calpen

58 963 210 1045 Oceanus,
234 982 302 1025 cum
325 963 400 1032 flens
425 964 541 1024 Siculos
565 964 706 1025 Oenotria
729 965 803 1026 fines

56 1053 199 1132 perderet
222 1062 252 1113 et
274 1053 380 1113 mediis
403 1055 551 1115 intrarent
574 1053 725 1115 montibus
748 1048 869 1136 undae),
1023 1067 1075 1118 500

57 1143 188 1203 intonuit
211 1143 306 1203 donec
329 1143 446 1221 pauidis
470 1161 505 1202 ex
530 1142 650 1203 aethere
673 1145 773 1203 uentis

58 1233 246 1310 omnipotens
269 1249 431 1310 regemque
455 1231 548 1312 dedit,
572 1249 661 1310 quem
685 1233 766 1292 iussa
789 1235 889 1292 uereri

58 1338 148 1380 sacua
167 1318 288 1381 cohors:
311 1322 343 1380 in
366 1329 467 1381 monte
490 1318 609 1399 chalybs
632 1322 797 1399 iterataque
821 1323 915 1382 muris

57 1427 128 1470 saxa
151 1408 271 1470 domant
293 1408 399 1469 Euros
446 1428 514 1469 cum
537 1411 595 1468 iarn
619 1408 758 1469 cohibere
783 1410 964 1471 frementum
1146 1484 1149 1489 Ι

58 1516 111 1558 055
134 1500 251 1578 nequit,
275 1516 328 1558 rex
347 1506 419 1558 tunc
443 1497 541 1558 aditus
565 1506 595 1558 et
618 1496 748 1558 claustra
771 1498 909 1578 refringit
1022 1509 1074 1561 595

58 1588 121 1666 ipse
147 1586 250 1647 uolens
273 1587 429 1665 placatque
452 1587 519 1647 data
541 1587 604 1646 iera
627 1605 780 1647 murmura
803 1595 897 1666 porta.

57 1678 182 1736 nuntius
204 1674 285 1736 hunc
308 1675 381 1735 solio
404 1674 515 1736 Boreas
537 1675 694 1755 proturbat
717 1675 753 1737 ab
778 1675 844 1737 alto.

58 1759 205 1844 ‘Pangaea
228 1764 308 1843 quod
331 1762 367 1824 ab
392 1781 459 1825 aree
483 1759 578 1825 nefas'
603 1766 656 1844 ait,
680 1760 794 1845 hoelo,
817 1763 892 1825 uidi!

59 1851 146 1914 Graia
169 1871 278 1914 nouam
300 1853 381 1913 ferro
405 1853 513 1913 molem
537 1862 705 1913 commenta
727 1855 869 1914 iuuentus

57 1944 156 2022 pergit
179 1951 208 2003 et
230 1944 344 2020 ingenti
367 1942 498 2021 gaudens
518 1941 617 2002 domat
639 1959 768 2021 aequora
791 1941 877 2023 bello,
1019 1954 1072 2004 600

59 2049 114 2091 neo
137 2030 210 2091 mihi
232 2030 354 2091 libertas
377 2033 445 2092 imis
468 2031 544 2092 heta
566 2031 670 2091 tollere
694 2031 822 2091 harenis.

59 2119 154 2199 qualis
178 2137 259 2180 eram
283 2120 414 2180 nondum
437 2120 545 2181 uinclis
568 2129 599 2180 et
621 2138 741 2180 carcere
766 2118 898 2180 clausus!

57 2207 128 2269 hinc
152 2210 242 2269 animi
265 2216 457 2288 structaeque
480 2211 555 2269 uiris
578 2209 686 2269 fiducia
709 2210 827 2289 puppis,

58 2297 139 2378 quod
162 2296 277 2359 Borean
302 2296 451 2376 subrogo
475 2297 587 2358 uident.
634 2299 670 2359 da
693 2315 828 2376 mergere
853 2295 958 2358 Graios

58 2388 250 2466 insanamque
274 2394 381 2448 ratem:
404 2387 446 2447 nil
468 2405 515 2446 me
539 2405 604 2447 mea
627 2389 750 2466 pignora
773 2394 906 2464 tangunt.
1020 2397 1072 2449 005

58 2482 174 2537 tautum
196 2475 350 2537 hominum
373 2494 528 2556 compesce
552 2479 660 2556 minae,
684 2476 755 2536 dum
776 2475 864 2535 litora
886 2477 967 2536 iuxta

59 2563 200 2626 Thessala
222 2561 351 2626 necdum
373 2565 445 2626 aliae
469 2564 611 2625 uiderunt
634 2563 755 2625 carbasa
777 2559 896 2624 terrae?
1111 2639 1113 2644 Ι

148 2653 277 2715 Dixerat.
324 2662 354 2714 at
377 2656 477 2714 carneti
500 2653 628 2713 fremere
651 2655 733 2712 intus
757 2660 787 2712 et
810 2668 940 2729 aequora
962 2655 1047 2714 uenti

58 2762 193 2825 poscere.
240 2751 304 2804 turn
327 2742 425 2802 ualido
449 2749 614 2802 contortam
637 2741 757 2801 turbine
780 2748 896 2818 portam

58 2832 168 2913 inpulit
183 2830 380 2911 llippotades.
426 2830 555 2891 lirndunt
578 2848 609 2891 se
634 2848 753 2891 earcere
777 2830 847 2891 laeti
1021 2842 1073 2892 010

59 2922 191 2983 Thraces
215 2923 284 2999 equi
308 2919 520 3000 Zephyrusque
544 2927 575 2980 ct
597 2922 679 2981 nocti
702 2919 842 2980 concolor
865 2919 925 2979 alas

59 3011 230 3072 nimborum
253 3029 321 3071 curn
344 3009 427 3088 prole
450 3008 545 3070 Notus
569 3011 742 3088 crinemque
765 3007 905 3087 procellis

59 3100 195 3180 hispidus
218 3107 249 3160 et
271 3097 362 3159 multa
385 3097 480 3158 ilauus
503 3106 591 3177 caput
611 3096 711 3157 Eurus
734 3097 857 3176 harena3

58 3189 204 3250 induxere
228 3187 355 3249 hiemem
379 3205 529 3265 raucoque
553 3187 588 3246 ad
610 3185 697 3246 litora
720 3194 818 3247 tractu

60 3280 193 3339 unanimi
216 3277 292 3337 freta
315 3295 408 3336 curua
431 3276 532 3336 lerunt
554 3294 610 3336 nec
634 3274 695 3336 sola
718 3275 857 3336 tridentis
1021 3283 1075 3334 515

60 3386 153 3446 regna
175 3373 311 3445 mouent3
334 3373 420 3427 uasto
441 3366 554 3445 pariter
577 3367 639 3426 ruit
661 3367 766 3444 igneus
789 3363 892 3424 aether

61 3475 130 3517 cum
153 3457 267 3516 tonitru
289 3457 434 3534 piceoque
457 3455 567 3533 premit
589 3472 649 3515 nox
671 3457 769 3515 omnia
792 3452 882 3515 eaelo.

60 3547 180 3606 excussi
201 3541 338 3605 manibus
360 3546 435 3606 remi
460 3560 671 3625 conuersaque
692 3545 835 3608 ironiem

109 3652 156 3695 Vel
169 3653 275 3696 Flaccus.
879 3645 905 3693 ‘2
