2384 3878
130 174 173 239 30
469 173 499 228 O.
517 172 655 228 VALERI
672 172 803 230 FLACOI

172 322 233 383 Has
256 325 335 385 inter
358 324 470 384 medias
494 321 627 402 Dryopes
650 324 681 383 in
704 324 831 402 imagine
855 330 969 385 maesta

127 411 180 473 1111
201 411 301 475 Venus
325 419 355 473 et
378 413 476 472 saeuis
499 411 606 472 ardens
630 411 684 472 dea
705 411 875 492 planctibus
897 414 991 475 instat
1096 424 1144 476 111

127 503 283 581 primaque
308 496 498 562 ‘Sarmaticas
521 502 635 561 utinam
658 499 790 562 Fortuna
813 500 945 562 dedisset

129 590 275 652 insedisse
299 590 402 651 domos
426 591 587 668 tristesque
610 588 759 650 habitasse
782 591 914 673 pruinas,

127 679 260 760 plaustra
283 681 381 761 sequi,
405 679 454 739 uel
476 680 534 739 iam
556 680 670 759 patriae
693 679 804 739 uidisse
827 697 882 760 per
904 681 990 758 ignes

129 768 247 829 culmen
271 771 318 847 agi
341 775 529 847 stragemque
553 766 655 828 11111111
679 787 747 830 nam
770 775 870 829 cetera
893 767 964 829 belli

128 859 322 937 perpetimur.
368 875 454 918 mene
478 856 526 917 ille
551 858 651 939 nouis,
674 875 721 917 me
745 856 875 918 destinat
898 875 1002 919 amens
1092 868 1142 921 180

130 943 284 1008 seruitiis?
306 946 414 1008 urbem
437 946 593 1025 aufugiens
616 952 762 1025 natosque
785 941 974 1025 relinquam?

129 1053 188 1096 non
211 1037 296 1116 prius
319 1054 390 1096 ense
413 1054 519 1096 manus
541 1042 686 1115 raptoque
710 1034 890 1096 armabimus
912 1037 1018 1116 igne,‘

129 1123 259 1204 dumque
284 1124 373 1186 silent
396 1125 568 1203 ducuntque
592 1142 670 1184 noua
694 1143 763 1185 cum
786 1125 912 1203 coniuge
935 1140 1067 1207 somnos,

130 1231 269 1291 magnum
292 1213 402 1292 aliquid
425 1211 549 1293 spirabit
572 1208 689 1273 amorl’
712 1222 784 1273 tunc
806 1215 892 1292 ignea
917 1219 1063 1293 torquens

130 1301 242 1362 lumina
264 1303 444 1383 praccipites
467 1304 598 1362 excussit
621 1301 657 1363 ab
681 1301 774 1363 ubere
797 1309 891 1362 natos.
1095 1312 1144 1363 181

128 1389 211 1452 ilicet
233 1399 367 1452 arrectae
389 1398 505 1453 mentes
529 1393 684 1471 euictaque
707 1399 837 1452 matrum

130 1479 220 1540 corda
243 1498 327 1541 sacer
349 1478 473 1541 Veneris
497 1483 624 1559 gemitus
646 1482 737 1561 rapit:
761 1497 889 1559 aequora
913 1486 1040 1542 cunetae

128 1570 316 1648 prospiciunt
339 1569 537 1648 simulantque
561 1569 668 1630 choros
692 1568 874 1648 delubraque
897 1569 974 1630 festa

129 1656 234 1716 lronde
257 1665 363 1735 tegunt
384 1656 537 1736 laetaeque
561 1660 636 1719 uiris
658 1657 849 1719 uenientibus
872 1657 990 1719 adsunt.

128 1746 246 1824 iamque
271 1746 373 1807 domos
396 1765 573 1825 mensasque
595 1754 717 1828 petunt;
740 1744 938 1808 discumbitur
961 1745 1029 1808 altis
1094 1758 1143 1809 110

128 1834 308 1917 porticibus;
332 1855 385 1897 sua
408 1838 516 1916 cuique
540 1837 644 1896 furens
667 1837 844 1915 funestaque
868 1837 1000 1897 coniunx

130 1923 256 2006 adiacet,
279 1925 390 1985 inserui
413 1925 507 2004 qualis
531 1924 587 1985 sub
610 1933 698 1986 nocte
722 1924 854 1986 barathri
993 1932 998 1941 '

130 2010 256 2073 adcubat
280 2015 437 2074 attonitum
459 2013 608 2093 Pldegyan
633 2021 663 2074 et
686 2013 801 2075 Thesea
823 2016 905 2074 iuxta

18 2168 21 2177 Ι
130 2099 291 2180 Tisiphone
312 2120 475 2181 saeuasque
499 2101 589 2181 dapes
613 2110 643 2162 et
660 2103 767 2183 pocula
789 2102 862 2164 libat

130 2181 287 2272 (tormenti
310 2185 421 2274 genus)
445 2199 475 2251 et
498 2193 591 2270 nigris
615 2191 803 2271 amplectitur
825 2190 936 2271 hydris.
1095 2201 1146 2254 111

174 2278 241 2358 lpsa
263 2279 363 2341 Venus
388 2299 531 2359 quassans
554 2280 716 2341 undantem
739 2279 858 2341 turbine
881 2281 986 2359 pinum

130 2366 311 2445 adglomerat
333 2367 472 2429 tenebras
494 2387 670 2448 pugnaeque
694 2370 829 2430 adcincta
851 2375 1031 2431 trementem

50 2506 53 2511 ,
130 2454 229 2516 desiht
250 2458 282 2516 in
305 2455 451 2538 Lemnon3
475 2457 583 2519 nimbis
607 2466 637 2518 et
659 2457 726 2519 luce
750 2459 867 2537 lragosa

128 2547 323 2625 prosequitur
345 2546 432 2633 polus
456 2554 486 2607 et
508 2549 622 2607 tonitru
644 2554 731 2626 pater
754 2555 842 2626 auget
864 2547 987 2607 honoro.

129 2634 198 2694 inde
222 2654 331 2697 nouam
353 2634 476 2716 pauidas
500 2654 606 2697 uocem
628 2635 789 2697 furibunda
810 2655 866 2716 per
889 2652 976 2696 auras
1094 2646 1147 2698 100

130 2727 329 2807 congeminat,
354 2744 411 2804 qna
433 2725 538 2805 pulsus
561 2725 653 2786 Athos
677 2732 707 2785 et
728 2733 838 2805 pontus
862 2733 892 2785 et
914 2725 1022 2803 ingens

129 2811 244 2872 Thraca
262 2820 352 2892 pauet
374 2816 546 2893 pariterque
569 2815 644 2874 toris
668 2813 823 2875 exhorruit
845 2814 941 2874 omnis

130 2908 225 2961 mater
249 2909 279 2961 et
302 2901 444 2962 adstricto
467 2904 625 2981 riguerunt
649 2901 740 2962 ubere
764 2905 834 2963 nati.

129 2989 277 3050 adcelerat
299 2989 397 3051 Pauor
420 2998 450 3051 et
473 2989 583 3051 Geticis
607 2989 760 3052 Discordia
783 2992 905 3052 demens

130 3097 146 3137 e
170 3078 294 3139 stabulis
318 3087 458 3160 atraeque
482 3082 566 3158 genis
589 3079 768 3160 pallentibus
791 3080 855 3141 Irae
1094 3088 1147 3141 101

129 3175 160 3229 11
183 3166 274 3228 llolns
297 3176 327 3228 et
349 3168 457 3229 Rabies
481 3177 511 3229 et
534 3168 599 3229 Leti
622 3170 716 3229 maior
739 3170 848 3248 imago.

129 3259 193 3318 uisa
216 3264 318 3317 truces
341 3266 443 3319 exerta
465 3276 584 3339 manus,
607 3265 641 3318 ut
663 3259 759 3338 prima
782 3265 891 3318 uocatu

129 3349 260 3408 intonuit
282 3348 459 3426 signumque
484 3346 566 3407 dedit
588 3346 733 3408 lllauortia
756 3348 894 3408 coniunx.

128 3434 177 3496 hic
201 3434 280 3496 aliud
302 3435 402 3497 Venus
426 3443 457 3496 et
478 3435 573 3497 multo
596 3437 689 3515 magis
712 3437 776 3515 ipsa
799 3434 989 3497 tremendum

121 3542 192 3583 orsa
213 3524 300 3585 nefas
318 3527 451 3604 gemitus
474 3525 559 3606 lingit
582 3543 733 3605 tionesque
756 3523 915 3585 cadentum
1091 3532 1144 3585 110
