2384 3878
474 190 691 245 PRAEFATIO.
1051 193 1091 248 XI

72 342 209 403 Parisiua
232 358 307 400 saec.
331 338 399 400 Xlll
424 337 524 416 [Thilo
547 339 565 400 l.
590 341 607 399 l.
629 359 659 419 p.
682 337 824 417 LXXXV]
850 359 918 402 cum
938 339 1089 401 Carriohis

72 430 177 497 codice
205 427 323 489 duobus
349 428 423 488 locis
451 430 622 489 consentire
650 428 801 510 uiderent,
831 428 901 489 hinc
929 448 997 490 eum
1027 447 1088 490 non

71 538 111 580 cx
142 516 282 578 Vaticano
314 523 414 577 ortum
447 535 512 577 esse
541 524 719 578 statuerunt.
774 535 842 578 nam
879 526 1090 597 excerptorum

71 608 201 669 istorum
238 605 340 667 eadem
376 613 423 666 est
457 605 572 665 indoles
609 614 697 685 atque
734 605 802 666 libri
838 605 963 685 belgici:
1003 609 1089 667 nimi·

73 714 143 757 rum
165 697 197 755 in
227 702 355 773 utroque
383 693 516 777 maculae
545 696 709 774 antiquitus
736 695 876 776 traditae,
904 696 1000 774 quoad
1025 697 1089 755 eius

73 784 141 846 lieri
165 785 278 864 potuit,
301 781 433 845 sublatae
462 790 541 843 sunt.
577 785 677 862 itaque
706 783 786 862 quod
810 782 832 844 C
856 802 925 846 cum
947 784 1089 844 Parisinis

73 875 225 952 excerptis
257 871 270 931 Ι
301 868 367 932 330
399 889 454 951 pro
487 869 618 932 Vaticani
651 871 779 932 lectione
807 867 933 951 ‘paucis'
965 871 1089 953 praebet

74 955 207 1042 ‘raucis',
234 959 265 1019 id
293 978 382 1038 quam
409 960 494 1020 lacile
526 959 561 1020 ab
594 968 723 1039 utroque
756 969 926 1022 correctore
959 963 1090 1021 inueniri

73 1052 206 1130 potuerit
234 1056 365 1128 apparet.
393 1048 472 1127 quod
496 1055 596 1108 autem
610 1066 701 1109 uersu
724 1049 932 1128 insequentiC
952 1059 982 1109 et
995 1050 1088 1109 Paris.

72 1158 128 1220 pro
138 1141 240 1218 inepto
249 1137 300 1198 illo
311 1132 507 1216 ‘cretamque'
517 1144 718 1216 reposuerunt
727 1133 921 1219 ‘polumque',
930 1139 960 1198 id
970 1156 1089 1216 quoque

72 1230 105 1288 in
133 1235 262 1306 utroque
291 1245 327 1286 ex
356 1226 564 1305 qualicumque
593 1229 765 1287 coniectura
799 1226 963 1287 secundum
990 1226 1089 1287 locum

72 1316 242 1377 Statiannm
270 1313 377 1391 [Theb.
405 1314 445 1374 Xl
473 1311 530 1392 67]
559 1324 662 1375 natum
694 1323 748 1376 cst.
794 1334 862 1376 nam
892 1323 922 1376 et
952 1314 1089 1394 florilegii

73 1406 201 1466 Parisini
225 1411 430 1483 excerptorem
458 1410 488 1463 et
516 1402 627 1464 codicis
651 1403 823 1464 (barroniani
845 1404 1089 1484 interpolatorem

73 1493 203 1554 Statium
229 1492 308 1553 hene
336 1510 423 1552 nosse
450 1499 551 1571 potest
573 1492 780 1553 demonstrari,
826 1495 926 1571 itaque
950 1491 1088 1552 omnibus

72 1582 143 1643 libri
164 1581 277 1660 Belgici
300 1579 478 1641 lectionibus
497 1581 721 1659 diligentissime
745 1584 901 1660 perpensis
924 1600 994 1641 eum
1016 1578 1089 1640 nihil

74 1670 155 1731 aliud
191 1688 257 1730 esse
290 1687 379 1748 quam
415 1668 547 1730 Vaticani
584 1669 785 1749 apographum
818 1669 898 1730 docti
935 1669 1089 1730 cuiusdam

74 1758 142 1819 Itali
152 1776 271 1819 manum
278 1757 508 1819 emendatricem
518 1777 640 1837 passum
648 1758 803 1819 Thilonem
820 1758 1089 1835 Schenlceliumque

76 1842 200 1905 secutus
226 1864 307 1906 nunc
334 1865 451 1915 censeo.
488 1857 670 1907 nontamen
694 1846 867 1907 Carrionem
888 1849 988 1925 ipsum
1010 1847 1088 1905 frau-

76 1932 149 1992 dem
175 1934 295 2014 iecisse,
321 1935 372 1996 sed
402 1934 561 2013 deceptum
589 1953 654 1995 esse
683 1954 718 1994 eo
747 1934 826 2013 quod
850 1934 961 1995 codicis
991 1933 1089 1994 scriha

77 2020 189 2082 sacculi
211 2021 317 2082 decimi
340 2026 519 2103 scripturam
543 2026 674 2085 imitatus
698 2032 778 2085 esset
800 2017 846 2107 (id
870 2023 948 2102 quod
977 2024 1087 2102 aliquo·

74 2113 155 2171 tiens
182 2129 257 2171 saec.
285 2107 335 2170 XV
365 2113 476 2172 facturn
509 2130 574 2174 esse
607 2107 753 2196 constat),
780 2111 974 2191 probabiliter
997 2120 1088 2172 statn-

73 2207 166 2260 erunt
189 2198 293 2260 eidem.

164 2287 303 2349 Codicem
331 2289 422 2367 igitur
458 2289 631 2350 Vaticanum
668 2292 789 2350 unicum
826 2293 856 2350 in
894 2288 1088 2349 restituendis

72 2375 182 2436 Valerii
215 2376 318 2437 uerbis
350 2377 457 2438 ducem
489 2377 658 2439 habeamus,
713 2386 868 2458 tantopere
906 2385 1005 2438 autern
1039 2376 1087 2437 illo

72 2465 258 2545 deprauatus
286 2474 345 2546 est,
377 2467 439 2526 lere
468 2467 567 2527 nullus
600 2474 634 2527 ut
661 2486 769 2528 uersus
797 2486 813 2526 a
846 2466 1016 2545 corruptela
1049 2469 1088 2526 sit

72 2556 224 2615 immunis.
274 2572 453 2632 quamquam
480 2573 540 2614 non
569 2558 594 2615 is
622 2559 673 2634 qui
701 2556 724 2613 V
752 2558 885 2617 exarauit
911 2555 978 2634 plus
1001 2555 1088 2616 solito

72 2645 224 2723 peccauit3
256 2660 325 2701 narn
347 2642 408 2724 hic,
436 2651 470 2703 nt
497 2651 561 2703 erat
588 2645 676 2703 homo
705 2645 822 2722 linguae
854 2644 962 2703 latinae
994 2661 1087 2721 paene

71 2734 209 2812 ignarus,
237 2731 370 2809 depinxit
397 2734 490 2810 magis
519 2750 607 2809 quam
635 2732 793 2811 descripsit
815 2733 929 2792 litteras
953 2732 1089 2810 traditas3

71 2821 175 2898 itaque
199 2837 274 2898 quae
298 2818 368 2880 huic
395 2819 543 2880 debentur
570 2822 644 2880 uitia
676 2829 780 2882 sanatu
808 2828 879 2882 sunt
901 2820 997 2881 facilia
1025 2821 1088 2880 lere

71 2910 182 2968 omnia.
228 2907 280 2968 sed
305 2910 383 2968 enim
406 2909 592 2988 corruptelae
612 2908 693 2970 labos
716 2909 783 2970 indo
808 2909 844 2970 ab
868 2912 990 2988 antiquo
1014 2927 1088 2969 aerio

72 3015 200 3075 serpens
223 3014 368 3056 summam
391 2997 531 3075 paulatim
554 3005 683 3076 stragem
705 3001 764 3059 iam
787 3007 854 3059 ante
877 2997 945 3057 libri
969 2996 992 3053 V
1015 3005 1088 3058 tem·

71 3103 148 3165 pora
176 3085 317 3145 ediderat.
363 3093 393 3145 et
419 3085 561 3165 pleraque
585 3105 660 3164 quae
687 3090 849 3165 scriptores
877 3089 991 3165 antiqui
1019 3101 1087 3147 con·-

71 3181 231 3235 traxcrunt
253 3173 360 3234 menda
386 3176 445 3233 iam
472 3177 503 3234 in
526 3178 589 3253 ipsa
613 3178 787 3253 antiquitate
817 3193 882 3234 esse
906 3184 972 3236 orta
999 3176 1088 3235 hodie

72 3263 137 3323 lere
162 3263 264 3322 scitur.
293 3280 390 3340 neque
413 3263 509 3323 solum
533 3264 685 3341 stupidum
708 3263 874 3324 scribarum
897 3282 991 3342 genus
1006 3282 1089 3324 mera

72 3349 290 3412 uocabulorum
303 3357 435 3410 monstra
449 3360 661 3430 procreauerat
683 3352 851 3431 multosque
872 3370 980 3412 uersus
994 3370 1088 3431 praue

18 3486 21 3491 .
72 3442 229 3520 omiserat,
261 3439 313 3500 sed
343 3441 432 3498 etiam
454 3434 643 3519 'grammatici
671 3441 826 3501 cuiusdam
854 3459 943 3501 curae
967 3443 1087 3501 criticae

71 3529 106 3588 in
133 3530 233 3606 ipsum
260 3525 423 3588 uerborum
451 3537 628 3592 contextum
658 3538 735 3592 sunit
762 3538 923 3610 receptae.
967 3525 1117 3600 opums
