2384 3878
103 186 146 251 98
448 186 478 242 C.
497 185 635 241 vntum
652 185 781 242 FLACCI

103 348 133 400 at
155 338 224 415 iuga
248 339 299 398 uix
322 337 432 417 Tethys
456 355 652 416 sparsumque
676 337 822 417 recolligit
845 355 930 397 axem

101 436 132 489 et
155 425 365 488 formidantem
386 428 499 506 patrios
522 426 670 506 Pyroenta
693 425 820 486 dolores

100 534 190 578 aurea
214 518 286 595 quin
310 517 399 576 etiam
421 533 563 594 praesaga
585 514 730 575 Mulciber
753 523 816 576 arte

101 605 214 667 uellera
236 613 442 683 uenturosque
466 604 536 664 olim
560 604 687 665 caelarat
709 605 846 665 Achiuos.

101 697 214 756 texitur
237 693 334 774 Argoa
355 696 445 774 pinus
468 693 615 773 Pagasaea
638 697 747 776 securi,
886 756 889 761 ,
1064 704 1120 754 434

102 786 220 863 iamque
244 783 346 844 eadem
369 801 482 864 remos,
506 782 609 844 eadem
632 783 686 843 dea
710 786 803 844 nectit
824 782 967 862 habenas3
1001 853 1004 858 .

102 876 166 954 ipsa
190 871 270 935 subit
292 871 430 953 nudaque
454 881 543 934 uocat
565 872 625 934 dux
648 875 764 952 agmina
787 873 898 955 dextra.

103 964 238 1023 exoritur
261 969 350 1023 notus
374 969 404 1022 et
428 969 509 1023 torto
532 964 605 1022 ratis
629 971 693 1022 acta
715 961 866 1042 profundo

103 1053 250 1132 cernitur3
274 1049 401 1130 Odrysio
425 1050 593 1131 gaudebant
616 1053 747 1111 carmine
769 1050 891 1130 phocae.

102 1147 246 1221 apparent
268 1139 378 1219 trepidi
400 1158 455 1218 per
477 1139 613 1199 Phasidis
636 1141 711 1200 ostia
736 1138 837 1199 Colchi
1066 1150 1122 1199 440

105 1229 340 1307 clamantemque
365 1227 470 1307 procul
493 1228 632 1307 linquens
654 1230 757 1307 regina
780 1234 943 1307 parentem.

102 1317 176 1379 urbs
201 1326 264 1378 erat
286 1316 356 1377 hino
380 1325 484 1378 contra
506 1319 623 1396 gemino
648 1317 821 1378 circumflua
844 1324 945 1398 ponto,

102 1405 192 1468 ludus
214 1404 267 1467 ubi
291 1414 321 1466 et
344 1413 449 1467 cantus
472 1406 558 1467 taeda
579 1413 722 1486 pernocte
746 1406 858 1487 iugales

32 1532 36 1542 ,
102 1496 253 1576 regalique
277 1503 344 1556 toro
367 1495 462 1556 laetus
485 1514 591 1575 gener:
613 1495 662 1556 ille
685 1497 819 1576 priorem

103 1586 229 1666 deserit3
252 1584 376 1644 ultrices
400 1591 535 1663 spectant
558 1602 574 1643 a
598 1585 727 1649 culmine
751 1584 840 1645 dirae.
1070 1593 1126 1643 445

103 1674 203 1734 deficit
226 1675 256 1733 in
280 1672 415 1733 thalamis
437 1671 615 1752 turbataque
638 1673 751 1752 paelice
775 1675 905 1734 coniunx

67 1795 70 1800 ·
103 1763 210 1842 pallam
234 1770 264 1823 et
287 1762 476 1842 gemmiferae
501 1763 612 1822 donum
636 1761 752 1824 exitiale
777 1779 903 1823 coronae

103 1858 226 1932 apparat
249 1860 316 1912 ante
336 1870 440 1912 omnes
463 1869 566 1912 secum
589 1852 733 1930 dequesta
756 1851 881 1912 labores.

106 1958 231 2002 munere
255 1959 314 2020 quo
337 1943 448 2021 patrias
467 1937 574 2021 'paelex
597 1949 721 2002 ornatur
744 1941 780 2001 ad
803 1958 869 2001 aras

30 2022 35 2031 ¹
106 2029 223 2111 infeli13
246 2037 277 2090 et
299 2031 357 2091 iam
380 2030 478 2091 rutilis
502 2038 640 2110 correpta
662 2032 789 2092 uenenis
1071 2039 1129 2089 400

103 2118 229 2199 inplicat
250 2120 318 2198 igne
343 2119 456 2180 domus.
503 2119 576 2180 haec
598 2127 666 2183 tum
686 2119 827 2179 miracula
851 2116 968 2179 Colchis

108 2215 259 2269 struxerat
281 2210 449 2288 ignipotens
472 2209 605 2269 nondum
628 2207 835 2290 noscentibus,
859 2206 907 2267 ille

107 2299 178 2375 quis
201 2296 298 2378 labor,
323 2298 440 2378 aligeris
464 2306 515 2359 aut
539 2317 613 2377 quae
639 2306 720 2359 secet
743 2297 889 2378 anguibus
912 2313 999 2357 auras

93 2385 201 2445 caede
225 2385 360 2447 madens:
385 2386 474 2446 odere
498 2394 599 2448 tamen
622 2389 765 2465 nisusque
789 2386 955 2447 reflectunt.

155 2473 234 2545 Quin
252 2474 332 2534 idem
354 2474 467 2555 Minyas
490 2494 615 2555 operum
638 2475 781 2536 defixerat
803 2475 920 2556 horror,
1073 2485 1128 2536 400

109 2582 177 2624 cum
201 2582 233 2624 se
258 2562 325 2625 Sole
350 2572 431 2635 satus
454 2567 559 2644 patriis
581 2564 784 2645 penetralibus
806 2565 906 2625 insert.

111 2653 190 2713 lilius
213 2653 293 2714 himo
317 2655 400 2715 iuxta
422 2655 526 2734 primis
550 2654 695 2734 Absyrtus
718 2656 749 2714 in
772 2655 866 2736 annis,

108 2740 215 2821 dignus
240 2760 296 2803 auo
320 2761 469 2822 quemque
492 2746 642 2805 insontem
660 2743 782 2804 meliora
805 2749 968 2813 manerent.

103 2839 171 2892 tum
194 2849 286 2910 gener
309 2831 429 2892 Albanis
454 2832 559 2912 Styrus
583 2835 634 2911 qui
658 2832 818 2893 aduenerat
842 2834 912 2914 orie,

110 2919 287 2981 distulerant
311 2920 363 2981 sed
386 2919 463 2981 bella
485 2929 580 3001 toros3
603 2930 669 2982 tum
691 2921 832 2983 Phrontis
856 2928 886 2981 et
909 2920 1006 3000 Argus
1071 2933 1126 2983 400

107 3008 246 3069 Aeolidae
271 3011 422 3089 fraterque
447 3009 550 3091 Melas,
575 3029 649 3090 quos
673 3011 787 3071 aduena
809 3009 938 3072 Phrixus

107 3100 281 3180 progenuit;
304 3101 476 3179 pariterque
500 3100 561 3160 leui
584 3099 738 3180 Cytisorus
761 3103 792 3160 in
815 3101 907 3161 hasta.

107 3187 263 3268 pastelii,
287 3206 362 3266 quos
385 3192 547 3268 praecipuo
572 3189 688 3250 Titania
710 3189 798 3251 tellus

109 3275 182 3355 legit
203 3274 317 3337 honore
340 3285 454 3361 patres,
477 3280 611 3358 motique
635 3278 670 3338 ad
693 3279 806 3359 proelia
829 3297 924 3358 reges.

105 3363 246 3425 admonet
268 3365 316 3426 hic
340 3369 437 3427 socios
461 3367 659 3446 nebulamque
684 3369 813 3447 erumpit
836 3367 931 3449 lason,
1074 3380 1127 3430 466

96 3453 219 3513 siderea
243 3472 295 3514 ora
318 3455 433 3538 serens5
458 3475 535 3517 noua
558 3457 608 3518 lux
632 3458 727 3518 offusa
750 3455 874 3536 Cytaeis,
985 3468 988 3472 ’

78 3543 278 3605 conueniunt
301 3548 481 3631 stipantque
505 3551 592 3612 uiros
615 3549 823 3630 rogitantque,
843 3545 917 3625 quid
935 3547 1004 3605 ausi
