2384 3878
120 162 185 217 XVI
524 161 731 217 PRAEFATIO

123 310 203 388 383]
227 313 280 371 1110
309 307 396 371 ‘uelit
422 312 474 370 1110
503 307 643 388 quidem',
673 312 751 388 quod
779 333 814 371 ex
845 313 967 373 Valerio
996 317 1139 390 excripsit

127 399 243 460 Statius
268 398 376 482 [Τ1101]ἶ
395 399 439 457 VI
462 397 565 475 4771..

217 509 280 567 130
303 508 349 567 iric
371 509 533 580 imperatos
552 505 697 581 Tyrrheni
719 512 829 581 tergere
849 511 952 581 piscia.
997 510 1041 567 ita
1065 509 1139 568 Gro-

124 597 207 654 nouii
230 615 266 654 ex
289 595 461 654 coniectura
474 613 552 653 nunc
567 594 711 672 scribunt,
735 595 845 654 eumV
864 591 992 673 ‘spectes
1016 591 1138 657 etenim'

124 684 168 742 ita
194 685 307 744 habeat
335 688 370 743 ut
396 684 520 742 litterae
544 677 618 742 ‘ates
647 677 768 743 etenim'
799 703 890 743 manu
920 686 1050 746 secunda
1079 687 1141 744 sint

122 770 253 831 additae.
299 773 371 847 quid
399 772 468 843 Va
499 773 598 847 prima
623 791 715 832 mauu
746 773 900 851 habuerit,
933 774 1041 833 docent
1074 776 1138 834 eius

125 862 302 937 apographa
336 861 368 920 M
405 864 435 919 01
471 860 495 918 P
532 864 598 920 tum
634 861 782 940 confecta,
819 880 887 920 cum
917 863 969 920 1110
1005 863 1139 921 nendum

123 950 303 1009 correctoris
318 953 459 1025 expertus
483 953 549 1008 erat
571 969 702 1008 manum.
724 951 827 1026 itaque
841 971 910 1009 curn
928 951 960 1009 M
984 945 1139 1027 ‘sperata',

126 1038 150 1098 P
174 1031 351 1114 ‘insperato'
380 1031 439 1117 (ita
470 1041 505 1095 ut
538 1031 592 1095 ‘in'
625 1038 761 1096 additum
793 1041 824 1097 et
856 1032 897 1097 ‘0'
926 1057 961 1096 ex
990 1033 1031 1098 ‘a’
1060 1059 1077 1097 a
1101 1060 1140 1097 m.

126 1145 184 1187 see.
207 1129 365 1186 correctun
379 1119 433 1206 sit)
447 1126 568 1202 habeat,
582 1126 750 1203 antiquitus
765 1120 824 1185 ‘hie
838 1130 960 1202 sperata
975 1120 1137 1202 Tyrrheni'

131 1215 279 1274 traditum
302 1233 367 1274 esse
392 1215 533 1272 dicemus.
578 1233 668 1290 quam
691 1214 872 1288 scripturam
901 1216 1006 1274 sanaui
1028 1216 1146 1274 inserta

33 1314 36 1319 '
128 1321 201 1362 uoce
224 1304 293 1362 huic
315 1303 381 1363 loco
406 1302 564 1379 aptissima
588 1296 671 1361 ε(11111

221 1421 284 1478 132
308 1420 376 1492 qaeu
399 1391 512 1476 addidi:
538 1437 594 1476 cm.
618 1417 654 1475 V.
680 1411 755 1476 ‘illa’
780 1418 845 1476 edd.
869 1437 905 1477 er
929 1417 960 1476 C.

220 1525 282 1583 135
306 1526 407 1584 nitidis
431 1525 549 1599 scripsi:
576 1525 665 1583 nudis
687 1522 715 1580 V
737 1524 975 1598 languidissime.
1022 1515 1143 1580 ‘niueis’

127 1611 384 1672 Hemsterhusius.

221 1730 282 1788 147
308 1728 485 1801 adctirdsquc
511 1729 615 1802 tepetis
642 1731 674 1788 ie
696 1727 915 1786 mediterraneo
938 1725 1034 1786 condit
1057 1731 1146 1798 caput

130 1817 286 1890 Hippasus
315 1834 397 1877 aruo.
442 1816 516 1874 haec
543 1815 637 1884 uerba
668 1834 728 1875 non
759 1833 819 1875 unc
851 1815 971 1874 nomine
1004 1816 1147 1889 suspecta

132 1908 210 1965 sunt.
238 1924 310 1963 nam
332 1906 412 1980 quod
435 1904 578 1964 Heinsius
602 1904 641 1964 ad
663 1904 740 1962 illud
763 1898 807 1962 ‘in
828 1896 947 1963 mediis’
972 1902 1145 1962 subintelle-

132 1994 179 2069 git
202 1987 414 2068 ‘Lapitharum
451 1996 481 2051 01
505 1986 747 2069 Centaurorum',
780 1993 947 2066 acciperem
981 1992 1006 2049 si
1044 2009 1147 2064 pugna

133 2099 195 2139 non
226 2081 450 2156 praecessisset.
495 2098 574 2138 nunc
610 2099 678 2138 curn
710 2079 785 2138 alios
821 2080 913 2154 fugae
951 2096 982 2136 se
1018 2077 1146 2152 dedisse,

132 2170 208 2229 alios
230 2173 353 2228 necatos
385 2186 451 2228 0000
480 2169 571 2244 paule
601 2171 671 2227 ante
697 2170 855 2226 narratum
879 2168 931 2243 sit,
959 2185 1020 2225 nun
1046 2168 1148 2241 potest

132 2259 178 2317 ita
208 2258 346 2333 intellegi
377 2257 453 2315 illud
482 2251 525 2314 ‘in
556 2249 684 2315 mediis'.
734 2256 814 2332 qued
846 2273 914 2315 cum
952 2273 1048 2330 neque
1081 2272 1149 2311 cum

132 2346 226 2405 uerbo
259 2345 449 2421 praecedenti
481 2337 629 2421 ε1000110,
663 2344 773 2420 quippe
806 2343 886 2420 quod
923 2344 960 2402 ab
993 2336 1144 2402 ‘adclinis’

131 2452 206 2493 uoce
228 2434 366 2510 pendeat,
389 2434 532 2510 coniungi
553 2437 652 2509 queat,
676 2435 851 2507 corruptum
879 2451 945 2492 esse
969 2433 1146 2491 statuemus.

131 2523 210 2582 latet
232 2526 335 2581 autern
357 2523 389 2580 in
412 2541 447 2581 eo
473 2521 637 2599 epitheton,
661 2522 720 2581 nisi
742 2521 845 2597 fallor,
868 2520 1006 2596 Hippasi.
1044 2520 1147 2594 itaque

132 2611 341 2670 indubitanter
381 2611 488 2687 scripsi
533 2603 719 2670 ε1111110000οἶ
781 2628 872 2686 perro
921 2609 1058 2686 ineptum
1101 2612 1148 2668 est

135 2694 241 2760 ‘uacuo
279 2693 374 2775 aure',
415 2700 447 2758 id
484 2701 563 2777 quod
600 2700 723 2776 egregie
760 2699 855 2759 sensit
891 2697 1148 2775 Eyssenhardtius

134 2786 225 2863 [mus.
261 2789 356 2846 Rhen.
388 2787 476 2847 XVII
508 2786 597 2863 379}
652 2790 736 2847 cuius
768 2787 937 2847 rationibus
975 2787 1031 2844 hoc
1064 2785 1148 2843 addc.

132 2876 305 2952 Hippasum
326 2895 386 2935 non
400 2878 587 2951 prostratum
604 2877 636 2934 in
654 2876 776 2950 tapetis,
800 2875 853 2934 sed
868 2874 1015 2933 adclinem
1028 2874 1150 2946 tapetis.

136 2965 198 3023 scil.
230 2965 401 3041 parietinis,
434 2964 501 3022 diei.
555 2964 658 3040 itaque
691 2963 885 3023 statuendum
922 2964 1003 3021 esset
1033 2961 1151 3019 iocandi

136 3071 229 3111 causa
253 3072 271 3110 a
294 3053 444 3111 Centaure
469 3053 600 3129 quodam
626 3053 709 3111 illius
738 3051 830 3127 capiti
854 3068 983 3110 uacuum
1009 3050 1152 3125 poculum

136 3159 202 3201 esse
225 3141 408 3217 impositum.
446 3141 526 3216 quod
550 3159 621 3200 sane
647 3140 897 3200 absurdissimum
920 3140 975 3198 est.
1003 3138 1151 3213 equidem,

137 3229 236 3304 siquid
258 3232 330 3290 noui
352 3228 510 3293 Valerium
531 3249 645 3306 meum,
673 3248 742 3288 eum
770 3228 927 3304 scripsisse
955 3226 1072 3285 affirmo
1097 3221 1151 3285 ‘in-

137 3336 259 3378 mensus
281 3337 378 3378 uacua
401 3317 501 3378 condit
525 3321 615 3394 caput
628 3318 784 3393 Hippasus
798 3310 894 3392 aura',
917 3315 1026 3392 quibus
1049 3316 1150 3374 uerbis

137 3406 256 3466 inmane
294 3405 437 3466 Centauri
473 3400 581 3483 cerpus
617 3407 741 3484 egregie
779 3405 962 3482 depingitur.
993 3405 1152 3464 ·f0rtasse

123 3495 230 3550 tamen
265 3495 488 3570 uituperandus
520 3497 568 3555 est
597 3497 688 3573 poeta
719 3495 798 3570 quod
829 3512 902 3552 num
930 3492 1169 3615 Hippasus'ffl

986 3764 1003 3819 .-
1061 3766 1074 3801 i
