2384 3878
329 193 620 253 anconanrxcou
637 197 748 253 umun
765 199 812 255 vt
1015 203 1079 271 107
1154 200 1158 207 '

60 365 116 427 per
139 346 239 406 maris.
284 346 393 424 ignotis
417 346 489 425 quid
512 366 588 426 opus
611 366 792 410 concurrere
816 368 872 411 nee
895 369 970 431 quos
1045 366 1080 416 25

63 430 186 497 oderis?
207 433 280 494 haec
303 434 401 494 medio
425 434 533 496 Perses
556 437 628 497 dum
650 444 785 518 tempore
809 440 936 522 mandat,

63 515 173 586 aureus
196 523 315 584 ect'ulsit
339 526 450 602 campis
473 524 580 606 rubor,
604 545 744 607 armaque
768 536 798 590 et
821 547 906 590 acres

62 621 169 694 sponte
193 630 246 674 sua
269 619 426 691 strepuere
450 613 547 675 tubae.
593 613 672 676 Mars
695 635 804 679 saeuus
827 617 864 678 ah
887 617 954 681 altis

64 699 171 764 ‘hostis
194 696 244 783 io,’
268 701 432 763 conclamat
455 706 540 782 equis
565 699 653 782 ‘agite
676 707 733 787 ite,
756 705 958 791 propinquat,'
1164 784 1167 789 ¹

63 811 97 854 ac
120 790 210 853 simul
232 790 302 851 hinc
316 789 451 872 Colchos,
474 791 544 852 hinc
568 793 665 854 tundit
687 797 719 855 in
742 813 871 875 aequora
885 797 1007 860 Persen.
1044 813 1079 862 30

62 890 135 944 tunc
158 898 231 959 gens
255 898 389 959 quaeque
414 882 476 941 suis
500 884 649 942 commisit
670 883 783 962 proelia
805 884 882 967 telis,

63 987 182 1050 uoxque
206 968 255 1030 dei
276 971 389 1048 pariter
411 976 525 1031 turmas
549 971 648 1032 audita
670 991 725 1051 per
749 991 860 1034 omnes.

106 1058 183 1119 Hinc
206 1076 259 1137 age
283 1057 415 1138 Riphaeo
440 1077 514 1138 qnos
537 1060 650 1121 uideris
673 1060 746 1122 orbe
770 1063 897 1143 suroreS,

61 1148 159 1229 Musa,
182 1165 284 1228 mone3
308 1155 418 1226 quanto
443 1148 594 1228 Scythiam
617 1150 768 1212 molimine
792 1151 899 1212 Perses

63 1237 219 1317 conclerit,
243 1237 310 1315 quis
334 1238 429 1298 fretus
452 1239 538 1316 equis
560 1257 615 1317 per
638 1239 714 1300 hella
738 1242 881 1320 uirisque.
1043 1255 1077 1305 35

61 1343 170 1388 uerum
193 1343 247 1404 ego
271 1344 327 1385 nec
349 1344 475 1386 numero
498 1344 662 1389 memorem
684 1347 741 1389 nec
764 1332 884 1391 nomine
908 1340 1033 1392 cunctos

61 1415 140 1476 mille
164 1413 213 1476 uel
237 1432 289 1474 ora
312 1432 449 1495 monens,
473 1432 571 1495 neque
595 1419 675 1477 enirn
697 1417 782 1496 plaga
805 1417 944 1496 gentihus
967 1421 1026 1480 ulla

60 1505 165 1565 ditior:
187 1511 309 1564 aeterno
333 1521 512 1583 quamquam
534 1504 658 1566 Maeotia
681 1502 776 1585 pubes

61 1593 155 1655 Marte
179 1592 276 1674 cadat,
298 1594 402 1672 pingui
425 1612 587 1673 numquam
610 1602 710 1656 tamen
733 1595 826 1656 ubere
850 1595 930 1677 defit,

61 1682 141 1762 quod
165 1683 297 1761 geminas
320 1691 418 1743 arctos
432 1701 631 1762 magnumque
656 1684 735 1764 quod
758 1684 869 1764 inpleat
883 1703 1018 1764 anguem.
1042 1699 1077 1749 40

61 1789 134 1852 ergo
158 1769 250 1830 duces
275 1771 445 1852 sociasque,
469 1771 555 1852 deae,
578 1773 651 1833 mihi
673 1775 801 1852 promite
825 1780 938 1853 gentes.

106 1859 228 1920 Miserat
251 1858 399 1940 ardentes,
422 1878 490 1920 mox
514 1863 578 1939 ipse
602 1869 733 1941 secutus,
757 1861 864 1922 Alanos

61 1947 291 2026 Heniochosque
315 1956 417 2008 truces
440 1951 498 2009 iam
520 1951 638 2030 pridem
660 1951 796 2011 intensus
820 1950 954 2034 Anausis,

61 2046 148 2118 pacta
171 2037 250 2116 quod
274 2036 386 2097 Albano
410 2040 539 2099 coniunx
563 2039 665 2100 Medea
689 2048 827 2120 tyrann03

61 2128 182 2188 nescius
204 2125 277 2207 heu,
301 2129 404 2205 quanti
427 2126 570 2188 thalamos
594 2128 754 2190 ascendere
777 2131 905 2189 monstri
1044 2142 1079 2191 45

62 2217 170 2276 arserit
193 2223 282 2294 atque
306 2214 397 2275 urbes
420 2226 537 2278 maneat
560 2219 612 2296 qui
635 2225 734 2278 terror
757 2217 895 2297 Achaeum,

62 2307 175 2385 gratior
197 2306 261 2384 ipse
284 2304 348 2365 deis
371 2303 502 2384 orbaque
526 2304 641 2367 heatior
664 2306 737 2367 aula.

61 2395 197 2474 proxima
218 2392 345 2454 Bisaltae
367 2393 444 2473 legio
468 2395 634 2474 ductorque
658 2394 790 2476 Colaxes,

62 2483 183 2562 sanguis
208 2484 323 2563 etipse
347 2483 449 2563 deum,
475 2484 621 2564 Scythicis
645 2503 733 2563 quem
757 2485 890 2564 luppiter
914 2489 976 2547 oris

61 2573 222 2651 progenuit
245 2571 372 2631 uiridem
396 2571 534 2650 Myracen
557 2572 756 2652 Tibisenaque
779 2576 861 2634 iuxta
1044 2587 1079 2637 5ο

62 2663 151 2741 ostia,
175 2661 314 2720 semifero
338 2653 476 2741 (dignum
500 2663 525 2721 si
548 2655 687 2742 credere)
712 2668 816 2741 captus

62 2767 203 2832 corpore,
228 2767 283 2809 nec
307 2748 452 2828 nymphae
475 2752 609 2828 geminos
633 2749 788 2811 exhorruit
811 2768 930 2829 angues.

62 2846 171 2898 cuneta
193 2837 320 2917 phalanx
342 2840 459 2917 insigne
482 2838 561 2899 louis
585 2839 754 2918 caelataque
779 2846 874 2919 gestat

64 2928 193 3006 tegmina
216 2926 367 3007 dispersos
390 2927 497 2988 trifidis
521 2928 678 2988 ardoribus
702 2931 799 3009 ignes,

61 3034 119 3076 nee
141 3017 256 3094 primus
279 3016 391 3097 radios,
414 3016 499 3077 miles
522 3016 667 3097 Romane,
692 3020 810 3078 corusci
1042 3028 1076 3078 55

62 3103 195 3166 fulminis
220 3112 249 3166 et
272 3105 377 3165 rutilas
400 3107 494 3166 scutis
517 3105 671 3165 diffuderis
695 3105 763 3166 alas.

61 3196 187 3272 insuper
210 3202 329 3255 auratos
354 3193 512 3273 collegerat
535 3196 599 3273 ipse
623 3193 777 3275 dracones,

61 3285 167 3344 matris
189 3281 287 3343 Horae
311 3285 476 3363 specimen,
499 3283 668 3363 linguisque
692 3283 836 3344 aduersus
860 3286 1011 3364 utrimque

62 3374 202 3450 congruit
225 3378 255 3431 et
278 3375 366 3433 tereti
389 3390 514 3452 serpens
537 3372 587 3433 dat
610 3372 736 3433 uulnera
758 3390 900 3451 gemmae.

61 3461 171 3522 tertius
193 3463 341 3522 unanimis
364 3463 491 3523 ueniens
515 3480 583 3522 cum
605 3460 726 3521 milibus
749 3460 870 3521 Auchus
1047 3476 1088 3520 so

62 3547 236 3610 Cimmerias
259 3557 390 3614 ostentat
414 3570 503 3636 opes,
526 3554 580 3616 oui
602 3551 755 3615 candidus
777 3549 858 3610 olixo
