2384 3878
343 156 635 253 Anoouromcou
652 197 762 253 nmen
779 199 854 254 vnn.
1040 199 1103 264 153

84 347 237 428 praetulit,
261 354 291 407 et
314 348 452 408 dextrum
476 355 596 426 paterae
620 356 789 427 uergantur
811 350 842 408 in
866 347 978 410 orbem.

87 435 140 496 sed
164 454 261 514 neque
285 454 316 496 se
340 438 466 515 pingues
490 443 554 497 tum
577 436 701 497 candida
723 436 840 498 flamma
861 455 917 516 per
940 454 1028 498 auras

87 524 245 609 explicuit,
268 543 324 585 nec
347 532 415 585 tura
437 523 520 586 addet
543 525 702 586 concordia
723 526 855 607 Mopsus,

87 616 265 695 promissam
288 631 344 674 nec
368 621 446 674 stare
470 613 573 695 fidem,
595 613 688 676 breue
712 623 831 695 tempus
854 633 997 676 amorum.
1070 675 1072 679 .

89 703 152 764 odit
175 710 337 781 utrumque
360 702 465 783 simul,
488 702 577 763 simul
599 711 630 764 et
653 706 812 765 miseratur
835 711 1006 785 uanumque,
1051 714 1105 766 noo

89 800 119 852 et
142 791 197 852 tibi
220 793 278 852 iarn
301 790 399 852 nullos
422 793 550 872 optauit,
572 790 711 873 barbara,
734 803 828 854 natos.

88 898 156 941 mou
181 878 284 960 epulas
307 887 336 940 et
360 897 444 940 sacra
465 888 585 960 parant3
608 881 757 942 siluestria
779 881 864 942 laetis

89 971 220 1049 praemia
243 976 355 1030 uenatu
378 968 456 1028 facili
479 972 613 1048 quaesita
635 978 809 1050 supersunt3
839 1017 844 1023 .

88 1075 158 1138 pars
181 1056 318 1136 neribus,
340 1074 411 1136 pars
433 1056 557 1118 undanti
579 1057 736 1138 despumat
758 1076 842 1120 aeno.

89 1148 248 1225 gramineis
272 1154 318 1207 ast
340 1145 409 1207 inde
433 1148 507 1207 toris
531 1146 742 1229 discumbitur,
766 1148 836 1208 olim
992 1225 996 1231 ἡ

89 1234 192 1296 Hister
216 1235 403 1295 anhelantem
426 1234 546 1296 Peucen
570 1254 629 1315 quo
652 1245 803 1316 presserat
826 1243 920 1297 antro.

88 1326 146 1403 ipsi
169 1326 249 1384 inter
272 1322 386 1384 medios
410 1342 496 1384 rosea
519 1324 651 1385 radiante
675 1329 798 1387 iuuenta

88 1412 176 1473 altius
199 1415 290 1492 inque
310 1414 358 1472 sui
380 1419 557 1473 sternuntur
581 1413 701 1474 uelleris
724 1431 805 1474 auro.

134 1501 207 1572 Quis
230 1519 328 1561 nouus
350 1503 486 1580 inceptos
509 1503 599 1562 timor
621 1501 747 1581 iupediit
768 1501 947 1581 hymenaeos

89 1589 282 1669 turbauitque
307 1597 389 1650 toros
413 1598 443 1651 et
466 1608 549 1650 sacra
574 1590 699 1652 calentia
721 1587 824 1670 rupit?

89 1678 234 1758 Absyrtus
258 1677 355 1740 subita
378 1697 522 1759 praeceps
546 1697 615 1740 cum
637 1680 730 1740 classe
753 1681 886 1760 parentis

89 1766 248 1828 aduehitur
270 1768 405 1847 profugis
427 1767 565 1828 infestam
587 1768 720 1848 lampada
743 1767 828 1828 Grais

89 1858 264 1917 concutiens
287 1855 413 1934 diroque
435 1866 575 1935 premens
598 1857 726 1918 clamore
750 1874 897 1918 sororem:

91 1939 169 2004 ‘heia
193 1947 283 2026 agite,
307 1963 325 2004 o
349 1946 443 2024 siquis
467 1944 553 2006 uobis
576 1945 661 2006 dolor
683 1949 801 2026 iraque,
825 1943 935 2027 Colchi,

88 2032 253 2094 adcelerate
277 2036 372 2114 uiam3
395 2051 493 2113 neque
518 2036 597 2096 enim
620 2036 696 2114 fugit
718 2053 847 2113 aequore
870 2042 973 2114 raptor
1050 2045 1101 2096 265

88 2121 231 2202 luppiter,
253 2121 326 2183 haut
348 2122 414 2183 falsi
437 2126 592 2201 sequimur
614 2126 739 2203 uestigia
762 2125 849 2185 tauri.

86 2229 187 2290 puppe
212 2203 326 2292 (nefas)
349 2228 409 2271 una
432 2211 543 2290 praedo
566 2212 694 2273 Phrixea
716 2219 850 2291 reportat

87 2298 212 2380 uellera;
237 2316 294 2379 qna
316 2298 404 2360 libuit
425 2308 539 2362 remeat
558 2319 626 2362 cum
649 2302 780 2380 uirgine3
803 2299 889 2361 nobis

89 2381 122 2470 (o
145 2382 272 2470 pudori)
297 2397 327 2449 et
349 2406 452 2450 muros
476 2397 506 2451 et
529 2392 635 2451 stantia
659 2397 737 2450 tecta
760 2389 890 2468 reliquit.

88 2476 159 2556 quid
182 2476 256 2538 mihi
279 2477 385 2538 deinde
409 2474 503 2539 satis?
525 2498 581 2540 nee
605 2498 715 2559 quaero
739 2479 851 2540 uellera
874 2497 930 2539 nec
953 2487 982 2540 te

89 2567 212 2647 accipio,
235 2582 383 2646 germana,
407 2567 518 2647 datam3
541 2585 597 2627 nec
620 2567 751 2627 foederis
773 2566 832 2626 ulla

89 2673 158 2734 spes
183 2656 240 2716 erit
262 2660 313 2715 aut
336 2655 397 2714 irae
422 2656 580 2734 quisquam
602 2654 718 2715 modus
763 2655 832 2714 inde
855 2656 969 2715 reuerti

87 2745 182 2823 patris
206 2743 242 2804 ad
266 2760 317 2803 ora
340 2744 400 2802 mei
422 2751 482 2803 tam
505 2762 599 2823 paruo
622 2746 654 2804 in
677 2751 811 2823 tempore
835 2743 879 2803 las
902 2738 965 2803 sit?

88 2833 303 2912 quinquaginta
326 2834 440 2892 animae
464 2850 511 2893 me
536 2832 650 2893 scilicet
673 2850 791 2911 urnaque
814 2849 912 2893 mersa

88 2921 216 2982 sufficiet
238 2920 355 3001 placare
377 2917 470 2982 ratis?
492 2930 536 3004 te,
560 2921 682 2982 Graecia
705 2921 800 3004 fallax,
1050 2932 1101 2982 275

86 3027 253 3090 persequor
275 3009 371 3087 adque
395 3012 454 3071 tuis
476 3009 557 3071 hunc
580 3028 688 3090 quasso
711 3010 867 3071 moenibus
889 3011 1001 3090 ignem3

87 3117 143 3160 nec
167 3098 221 3160 tihi
244 3099 345 3179 digna,
368 3116 463 3183 soror,
486 3098 592 3159 desum
614 3099 650 3159 ad
674 3098 802 3160 conubia
823 3099 924 3159 frater.

87 3190 203 3268 primus
227 3195 257 3248 et
279 3205 349 3248 ecce
374 3186 438 3246 lero
462 3190 621 3267 quatioque
645 3187 720 3248 hanc
743 3187 875 3268 lampada
899 3195 1001 3249 uestro

87 3279 238 3358 coniugio,
260 3278 376 3356 primus
399 3275 518 3336 celebro
541 3276 648 3337 dotalia
671 3294 764 3359 sacra,

87 3368 139 3446 qui
161 3366 258 3445 potui3
280 3367 393 3444 patriae
415 3366 535 3424 ueniam
558 3364 608 3446 da,
631 3383 755 3447 quaeso,
778 3373 924 3426 senectae.
1047 3375 1099 3428 280
1127 3390 1129 3394 ³

86 3455 158 3533 quin
181 3470 285 3513 omnes
308 3452 369 3535 alii,
391 3455 504 3533 pariter
526 3453 714 3536 populusque
737 3462 906 3534 patresque,

86 3560 204 3603 mecum
228 3539 343 3603 adsunt.
388 3544 490 3625 magni
510 3545 600 3624 uirgo
620 3561 663 3604 ne
683 3543 774 3621 repa
787 3541 878 3600 smus
