2384 3878
333 203 626 262 ARGONAUTICON
642 204 752 260 LIBER
769 205 817 260 VI.
1040 205 1102 271 123

85 360 159 414 tnnc
183 360 213 412 et
235 353 375 414 terrificis
398 354 560 415 undantem
583 353 716 415 crinibus
738 352 872 415 Hebrum

86 449 117 502 et
139 439 277 502 Geticum
298 441 408 502 Priona
430 443 512 522 ierit3
536 450 625 521 caput
648 444 737 523 eripit
759 442 854 503 Auchi

85 527 266 608 brachiaque
291 537 321 590 et
342 532 436 592 uastis
458 530 643 593 uoluendum
664 533 757 592 mittit
778 530 907 591 harenis.
1051 543 1103 593 620

129 616 168 678 Et
190 620 309 696 genitus
331 618 402 680 loue
426 620 579 699 conplerat
601 639 655 680 sua
678 621 737 681 sata
759 618 895 700 Colaxes3

89 707 208 785 iamque
230 715 316 786 pater
337 716 451 769 maesto
475 710 632 770 contristat
654 708 752 769 sidera
774 708 861 769 uultu

87 794 197 856 talibus
220 798 308 875 aegra
329 815 455 857 mouens
478 799 660 876 nequiquam
681 804 803 876 pectora
826 799 921 859 curis:
989 854 992 859 ⁴

87 877 128 944 ‘ei
150 883 237 965 mihi,
260 886 286 944 si
308 885 400 946 durae
424 892 527 946 natum
550 885 718 946 subducere
741 887 816 946 sorti

89 972 195 1032 moliar
218 980 307 1052 atque
329 975 405 1034 meis
427 975 523 1035 ausim
545 974 696 1035 confidere
719 975 829 1055 reguis,
1051 983 1103 1034 666

88 1061 182 1122 trater
204 1060 300 1122 adhuc
322 1062 426 1142 Amyci
447 1080 584 1123 maerens
607 1080 681 1122 nece
705 1069 872 1142 cunctaque
895 1062 998 1123 diuum

89 1149 177 1210 turha
200 1149 342 1231 frement,
366 1169 494 1231 quorum
516 1153 578 1212 nati
601 1151 736 1212 cecidere
760 1151 934 1229 cadentque.

87 1239 161 1316 quin
183 1237 289 1299 haheat
312 1257 365 1299 sua
389 1259 537 1319 quemque
561 1240 625 1301 dies
648 1242 824 1320 cunctisque
847 1237 971 1319 negabo,

87 1343 163 1404 quae
186 1322 279 1388 mihi?
325 1345 481 1407 supremos
504 1331 613 1390 misero
637 1331 680 1389 sic
703 1329 781 1389 satus
804 1327 933 1389 honores
999 1325 1008 1334 '

88 1416 223 1494 congerit
245 1415 341 1494 adque
365 1419 470 1477 animis
493 1419 674 1485 moriturum
696 1416 867 1496 ingentibus
890 1415 1001 1495 implet.
1047 1427 1104 1478 636

85 1501 134 1563 ἱΠ6
158 1502 238 1564 uolat
260 1506 372 1585 campis
394 1506 587 1584 inmensaque
610 1506 716 1567 funera
737 1507 843 1566 miscet

85 1609 142 1672 per
164 1609 285 1676 cuneos,
308 1593 393 1654 uelut
414 1593 538 1655 hiberna
560 1601 724 1674 proruptus
747 1593 783 1654 ab
806 1600 888 1654 arcto

88 1679 186 1753 imber
210 1700 300 1760 agens
323 1683 462 1763 scopulos
485 1701 701 1763 nemorumque
724 1694 909 1762 operumque
936 1682 1047 1762 ruinas,

91 1769 187 1830 donec
211 1768 247 1830 ab
269 1771 383 1849 ingenti
405 1770 567 1832 bacchatus
589 1773 703 1833 uertice
728 1773 838 1832 montis
893 1799 896 1807 ν
992 1849 993 1853 ¹

87 1857 235 1937 frangitur
257 1861 347 1938 inque
371 1878 484 1921 nouum
502 1860 643 1940 paulatim
666 1859 767 1920 deficit
789 1876 913 1919 amnem.
1053 1866 1106 1918 636

88 1944 155 2007 talis
178 1948 209 2008 in
229 1956 364 2009 extremo
387 1948 487 2030 proles
510 1949 591 2011 louis
613 1950 720 2009 emicat
743 1966 827 2028 aeuo,

89 2042 121 2096 et
144 2052 224 2096 nunc
244 2040 446 2115 magnanimos
468 2037 641 2118 Hypetaona
664 2035 926 2117 Gessithoumque‚

89 2141 170 2184 nunc
193 2124 305 2186 Arinen
328 2125 496 2206 Olbumque
520 2135 620 2207 necat3
643 2128 702 2186 iam
725 2127 844 2186 saucius
867 2124 977 2203 Aprem

89 2219 122 2272 et
144 2213 282 2274 desertus
305 2233 382 2293 equo
406 2213 559 2295 Thydrum
580 2215 672 2294 pedes
696 2215 805 2292 excipit
827 2211 912 2273 hasta

91 2299 269 2384 Phasiaden,
292 2305 410 2381 pecoris
433 2312 536 2365 custos
559 2303 595 2365 de
619 2320 701 2364 more
724 2303 841 2381 paterni
1054 2310 1107 2361 646

91 2387 241 2450 Caucasus
265 2392 300 2452 ad
323 2394 434 2470 primas
456 2395 559 2471 genuit
583 2410 673 2471 quern
695 2390 829 2451 Phasidis
852 2389 960 2469 undae

90 2477 161 2541 hinc
176 2497 274 2558 puero
298 2498 463 2560 cognomen
486 2490 550 2543 erat
572 2481 774 2558 famulumque
798 2477 933 2539 ierehant

91 2565 226 2628 Phasidis
249 2570 368 2629 intonso
391 2571 572 2648 nequiquam
596 2572 677 2630 crine
701 2575 850 2646 parentes.

90 2656 207 2734 iamque
231 2657 295 2717 aliis
317 2656 446 2718 instabat
469 2664 566 2737 atrox,
589 2674 659 2719 curn
681 2655 750 2716 diua
773 2671 927 2733 supremas

90 2747 204 2823 rumpit
225 2747 326 2825 iniqua
349 2743 433 2806 colus
456 2747 613 2823 uictorque
636 2743 759 2804 aduenit
780 2741 875 2802 lason.
1051 2749 1104 2801 646

90 2834 202 2912 excipit
223 2833 304 2894 hunc
328 2852 416 2895 saeua
439 2835 482 2895 sic
506 2834 584 2895 fatus
607 2830 683 2894 uoce
707 2830 842 2893 Colaxes:

92 2914 160 2981 ‘uos
184 2920 320 3002 Scythiae
345 2931 478 2985 saturare
503 2928 591 2984 canes¹
616 2921 812 3002 Scythiaeque
836 2918 976 2981 uolucres

91 3008 151 3070 huo
173 3013 277 3071 miseri
299 3007 457 3072 uenistis?’
481 3015 522 3072 ait
545 3028 708 3090 saxumque
731 3009 922 3088 prehensum,

89 3096 171 3158 illius
194 3106 224 3160 et
246 3099 367 3161 dextrae
391 3107 544 3179 gestamen
567 3106 596 3161 et
619 3098 699 3160 illius
722 3099 798 3178 aeui,

91 3204 236 3249 concussa
258 3189 379 3250 molitur
398 3187 501 3270 humo,
525 3188 605 3267 quod
627 3188 709 3266 regia
731 3184 805 3247 luno

91 3273 174 3336 flexit
197 3276 232 3336 ad
255 3279 390 3356 ignotum
412 3284 502 3356 caput
523 3276 718 3354 infletumque
741 3273 864 3335 Monesi

91 3381 237 3445 praeceps
260 3365 308 3426 ille
331 3368 406 3448 ruit;
429 3374 498 3426 nato
522 3383 582 3426 uon
605 3363 720 3444 depulit
742 3365 821 3423 ictus

91 3451 239 3536 Iuppiter,
262 3453 441 3516 Haemoniae
464 3455 575 3515 crrrlnus
597 3453 684 3514 fatale
709 3451 761 3512 sed
784 3450 885 3510 hastae

93 3559 149 3619 per
173 3539 313 3626 chpeum,
336 3561 391 3625 per
413 3552 521 3626 pectus
544 3541 624 3626 abit,
639 3541 792 3622 rupesque
814 3542 970 3598 eruemus
