<?xml version="1.0" encoding="UTF-8"?>
<!DOCTYPE html PUBLIC "-//W3C//DTD XHTML 1.0 Transitional//EN"
    "http://www.w3.org/TR/xhtml1/DTD/xhtml1-transitional.dtd">
<html xmlns="http://www.w3.org/1999/xhtml" xml:lang="en" lang="en">
 <head>
  <title>
</title>
<meta http-equiv="Content-Type" content="text/html;charset=utf-8" />
  <meta name='ocr-system' content='tesseract 3.04.00' />
  <meta name='ocr-capabilities' content='ocr_page ocr_carea ocr_par ocr_line ocrx_word'/>
</head>
<body>
  <div class='ocr_page' id='page_1' title='image "./cvaleriflaccise01flacgoog_0117.png"; bbox 0 0 2384 3878; ppageno 0'>
   <div class='ocr_carea' id='block_1_1' title="bbox 129 175 806 243">
    <p class='ocr_par' dir='ltr' id='par_1_1' title="bbox 129 175 806 243">
     <span class='ocr_line' id='line_1_1' title="bbox 129 175 806 243; baseline 0.004 -13"><span class='ocrx_word' id='word_1_1' title='bbox 129 179 173 243; x_wconf 82' lang='grc'><strong>52</strong></span> <span class='ocrx_word' id='word_1_2' title='bbox 472 176 501 232; x_wconf 81' lang='lat' dir='ltr'><strong>C.</strong></span> <span class='ocrx_word' id='word_1_3' title='bbox 520 177 657 232; x_wconf 82' lang='lat' dir='ltr'><strong>VALERI</strong></span> <span class='ocrx_word' id='word_1_4' title='bbox 675 175 806 233; x_wconf 73' lang='lat' dir='ltr'><strong>sancet</strong></span> 
     </span>
    </p>
   </div>
   <div class='ocr_carea' id='block_1_2' title="bbox 129 326 1149 1476">
    <p class='ocr_par' dir='ltr' id='par_1_2' title="bbox 129 326 1149 675">
     <span class='ocr_line' id='line_1_2' title="bbox 130 326 948 407; baseline -0.004 -18"><span class='ocrx_word' id='word_1_5' title='bbox 130 337 209 389; x_wconf 90' lang='lat' dir='ltr'><strong>stant</strong></span> <span class='ocrx_word' id='word_1_6' title='bbox 231 329 345 407; x_wconf 77' lang='lat' dir='ltr'><strong>Minyae</strong></span> <span class='ocrx_word' id='word_1_7' title='bbox 364 326 533 405; x_wconf 89' lang='lat' dir='ltr'><strong>delleutque</strong></span> <span class='ocrx_word' id='word_1_8' title='bbox 556 327 639 386; x_wconf 87' lang='lat' dir='ltr'><strong>nelas</strong></span> <span class='ocrx_word' id='word_1_9' title='bbox 662 335 693 386; x_wconf 90' lang='lat' dir='ltr'><strong>et</strong></span> <span class='ocrx_word' id='word_1_10' title='bbox 716 327 847 406; x_wconf 80' lang='lat' dir='ltr'><strong>cuspidis</strong></span> <span class='ocrx_word' id='word_1_11' title='bbox 870 329 948 388; x_wconf 87' lang='lat' dir='ltr'><strong>ictus</strong></span> 
     </span>
     <span class='ocr_line' id='line_1_3' title="bbox 131 414 1149 493; baseline 0.003 -17"><span class='ocrx_word' id='word_1_12' title='bbox 131 417 309 479; x_wconf 80' lang='lat' dir='ltr'><strong>Haemoniae</strong></span> <span class='ocrx_word' id='word_1_13' title='bbox 333 422 504 493; x_wconf 87' lang='lat' dir='ltr'><strong>sortemque</strong></span> <span class='ocrx_word' id='word_1_14' title='bbox 529 415 614 476; x_wconf 91' lang='lat' dir='ltr'><strong>ducis</strong></span> <span class='ocrx_word' id='word_1_15' title='bbox 637 414 771 476; x_wconf 83' lang='lat' dir='ltr'><strong>solantur</strong></span> <span class='ocrx_word' id='word_1_16' title='bbox 793 415 939 476; x_wconf 82' lang='lat' dir='ltr'><strong>acerbam.</strong></span> <span class='ocrx_word' id='word_1_17' title='bbox 1098 429 1149 479; x_wconf 77' lang='lat' dir='ltr'><strong>aaa</strong></span> 
     </span>
     <span class='ocr_line' id='line_1_4' title="bbox 129 505 931 584; baseline 0.004 -18"><span class='ocrx_word' id='word_1_18' title='bbox 129 506 178 567; x_wconf 92' lang='lat' dir='ltr'><strong>ille</strong></span> <span class='ocrx_word' id='word_1_19' title='bbox 202 506 254 567; x_wconf 92' lang='lat' dir='ltr'><strong>ubi</strong></span> <span class='ocrx_word' id='word_1_20' title='bbox 277 513 435 568; x_wconf 89' lang='lat' dir='ltr'><strong>concretos</strong></span> <span class='ocrx_word' id='word_1_21' title='bbox 457 506 561 584; x_wconf 85' lang='lat' dir='ltr'><strong>pingui</strong></span> <span class='ocrx_word' id='word_1_22' title='bbox 584 505 642 565; x_wconf 90' lang='lat' dir='ltr'><strong>iam</strong></span> <span class='ocrx_word' id='word_1_23' title='bbox 665 507 808 584; x_wconf 82' lang='lat' dir='ltr'><strong>sanguine</strong></span> <span class='ocrx_word' id='word_1_24' title='bbox 832 506 931 569; x_wconf 90' lang='lat' dir='ltr'><strong>crines</strong></span> 
     </span>
     <span class='ocr_line' id='line_1_5' title="bbox 129 593 892 675; baseline -0.003 -19"><span class='ocrx_word' id='word_1_25' title='bbox 129 595 333 675; x_wconf 89' lang='lat' dir='ltr'><strong>pallentesque</strong></span> <span class='ocrx_word' id='word_1_26' title='bbox 356 612 446 674; x_wconf 82' lang='lat' dir='ltr'><strong>genas</strong></span> <span class='ocrx_word' id='word_1_27' title='bbox 469 593 654 672; x_wconf 77' lang='lat' dir='ltr'><strong>infractaque</strong></span> <span class='ocrx_word' id='word_1_28' title='bbox 677 602 800 673; x_wconf 89' lang='lat' dir='ltr'><strong>pectore</strong></span> <span class='ocrx_word' id='word_1_29' title='bbox 823 612 892 654; x_wconf 91' lang='lat' dir='ltr'><strong>caro</strong></span> 
     </span>
    </p>

    <p class='ocr_par' dir='ltr' id='par_1_3' title="bbox 129 682 963 763">
     <span class='ocr_line' id='line_1_6' title="bbox 129 682 963 763; baseline -0.004 -18"><span class='ocrx_word' id='word_1_30' title='bbox 129 683 187 745; x_wconf 93' lang='lat' dir='ltr'><strong>tela</strong></span> <span class='ocrx_word' id='word_1_31' title='bbox 210 702 308 763; x_wconf 90' lang='lat' dir='ltr'><strong>neque</strong></span> <span class='ocrx_word' id='word_1_32' title='bbox 331 683 489 745; x_wconf 90' lang='lat' dir='ltr'><strong>hesternos</strong></span> <span class='ocrx_word' id='word_1_33' title='bbox 512 685 635 761; x_wconf 85' lang='lat' dir='ltr'><strong>agnouit</strong></span> <span class='ocrx_word' id='word_1_34' title='bbox 656 685 688 742; x_wconf 91' lang='lat' dir='ltr'><strong>in</strong></span> <span class='ocrx_word' id='word_1_35' title='bbox 710 682 827 762; x_wconf 90' lang='lat' dir='ltr'><strong>hospite</strong></span> <span class='ocrx_word' id='word_1_36' title='bbox 850 682 963 763; x_wconf 78' lang='lat' dir='ltr'><strong>uultus,</strong></span> 
     </span>
    </p>

    <p class='ocr_par' dir='ltr' id='par_1_4' title="bbox 129 770 902 853">
     <span class='ocr_line' id='line_1_7' title="bbox 129 770 902 853; baseline -0.001 -20"><span class='ocrx_word' id='word_1_37' title='bbox 129 775 253 853; x_wconf 84' lang='lat' dir='ltr'><strong>ingemit</strong></span> <span class='ocrx_word' id='word_1_38' title='bbox 276 781 363 852; x_wconf 92' lang='lat' dir='ltr'><strong>atque</strong></span> <span class='ocrx_word' id='word_1_39' title='bbox 383 779 465 833; x_wconf 90' lang='lat' dir='ltr'><strong>artus</strong></span> <span class='ocrx_word' id='word_1_40' title='bbox 488 771 568 832; x_wconf 86' lang='lat' dir='ltr'><strong>fatur</strong></span> <span class='ocrx_word' id='word_1_41' title='bbox 592 770 754 852; x_wconf 84' lang='lat' dir='ltr'><strong>conplexus</strong></span> <span class='ocrx_word' id='word_1_42' title='bbox 777 774 902 833; x_wconf 87' lang='lat' dir='ltr'><strong>amicos:</strong></span> 
     </span>
    </p>

    <p class='ocr_par' dir='ltr' id='par_1_5' title="bbox 129 857 1149 1029">
     <span class='ocr_line' id='line_1_8' title="bbox 130 857 1149 941; baseline 0.002 -20"><span class='ocrx_word' id='word_1_43' title='bbox 130 857 171 922; x_wconf 76' lang='lat' dir='ltr'><strong>‘te</strong></span> <span class='ocrx_word' id='word_1_44' title='bbox 194 870 294 923; x_wconf 90' lang='lat' dir='ltr'><strong>tamen</strong></span> <span class='ocrx_word' id='word_1_45' title='bbox 316 864 452 940; x_wconf 85' lang='lat' dir='ltr'><strong>ignarum</strong></span> <span class='ocrx_word' id='word_1_46' title='bbox 475 862 562 941; x_wconf 84' lang='lat' dir='ltr'><strong>tanti,</strong></span> <span class='ocrx_word' id='word_1_47' title='bbox 585 860 766 941; x_wconf 86' lang='lat' dir='ltr'><strong>miserande,</strong></span> <span class='ocrx_word' id='word_1_48' title='bbox 788 861 900 922; x_wconf 87' lang='lat' dir='ltr'><strong>luroris</strong></span> <span class='ocrx_word' id='word_1_49' title='bbox 1096 874 1149 924; x_wconf 75' lang='lat' dir='ltr'><strong>aaa</strong></span> 
     </span>
     <span class='ocr_line' id='line_1_9' title="bbox 129 948 928 1029; baseline -0.003 -18"><span class='ocrx_word' id='word_1_50' title='bbox 129 949 300 1011; x_wconf 75' lang='lat' dir='ltr'><strong>nonhabet</strong></span> <span class='ocrx_word' id='word_1_51' title='bbox 323 958 353 1011; x_wconf 92' lang='lat' dir='ltr'><strong>et</strong></span> <span class='ocrx_word' id='word_1_52' title='bbox 376 948 457 1011; x_wconf 90' lang='lat' dir='ltr'><strong>nullo</strong></span> <span class='ocrx_word' id='word_1_53' title='bbox 480 957 640 1010; x_wconf 89' lang='lat' dir='ltr'><strong>testantem</strong></span> <span class='ocrx_word' id='word_1_54' title='bbox 663 950 783 1010; x_wconf 82' lang='lat' dir='ltr'><strong>foedera</strong></span> <span class='ocrx_word' id='word_1_55' title='bbox 807 957 928 1029; x_wconf 88' lang='lat' dir='ltr'><strong>questu:</strong></span> 
     </span>
    </p>

    <p class='ocr_par' dir='ltr' id='par_1_6' title="bbox 130 1037 1031 1207">
     <span class='ocr_line' id='line_1_10' title="bbox 130 1037 1031 1118; baseline -0.002 -18"><span class='ocrx_word' id='word_1_56' title='bbox 130 1048 159 1101; x_wconf 90' lang='lat' dir='ltr'><strong>at</strong></span> <span class='ocrx_word' id='word_1_57' title='bbox 183 1040 255 1101; x_wconf 89' lang='lat' dir='ltr'><strong>mihi</strong></span> <span class='ocrx_word' id='word_1_58' title='bbox 279 1040 442 1101; x_wconf 85' lang='lat' dir='ltr'><strong>luctificum</strong></span> <span class='ocrx_word' id='word_1_59' title='bbox 463 1040 549 1099; x_wconf 89' lang='lat' dir='ltr'><strong>uenit</strong></span> <span class='ocrx_word' id='word_1_60' title='bbox 570 1037 665 1099; x_wconf 89' lang='lat' dir='ltr'><strong>iubar.</strong></span> <span class='ocrx_word' id='word_1_61' title='bbox 710 1039 770 1100; x_wconf 90' lang='lat' dir='ltr'><strong>beu</strong></span> <span class='ocrx_word' id='word_1_62' title='bbox 794 1037 903 1118; x_wconf 88' lang='lat' dir='ltr'><strong>quibus</strong></span> <span class='ocrx_word' id='word_1_63' title='bbox 926 1039 1031 1100; x_wconf 88' lang='lat' dir='ltr'><strong>adsum</strong></span> 
     </span>
     <span class='ocr_line' id='line_1_11' title="bbox 130 1124 929 1207; baseline -0.004 -17"><span class='ocrx_word' id='word_1_64' title='bbox 130 1125 318 1207; x_wconf 81' lang='lat' dir='ltr'><strong>conloquiis?</strong></span> <span class='ocrx_word' id='word_1_65' title='bbox 341 1131 390 1189; x_wconf 87' lang='lat' dir='ltr'><strong>eui</strong></span> <span class='ocrx_word' id='word_1_66' title='bbox 413 1143 460 1187; x_wconf 93' lang='lat' dir='ltr'><strong>me</strong></span> <span class='ocrx_word' id='word_1_67' title='bbox 483 1127 612 1206; x_wconf 89' lang='lat' dir='ltr'><strong>bospitio</strong></span> <span class='ocrx_word' id='word_1_68' title='bbox 636 1126 767 1188; x_wconf 81' lang='lat' dir='ltr'><strong>Fortuna</strong></span> <span class='ocrx_word' id='word_1_69' title='bbox 790 1124 929 1189; x_wconf 78' lang='lat' dir='ltr'><strong>acuerit?</strong></span> 
     </span>
    </p>

    <p class='ocr_par' dir='ltr' id='par_1_7' title="bbox 131 1209 804 1298">
     <span class='ocr_line' id='line_1_12' title="bbox 131 1209 804 1298; baseline -0.001 -20"><span class='ocrx_word' id='word_1_70' title='bbox 131 1219 303 1296; x_wconf 82' lang='lat' dir='ltr'><strong>extinguine</strong></span> <span class='ocrx_word' id='word_1_71' title='bbox 328 1234 393 1276; x_wconf 87' lang='lat' dir='ltr'><strong>mea</strong></span> <span class='ocrx_word' id='word_1_72' title='bbox 417 1210 501 1298; x_wconf 83' lang='lat' dir='ltr'><strong>(latis</strong></span> <span class='ocrx_word' id='word_1_73' title='bbox 523 1215 554 1276; x_wconf 92' lang='lat' dir='ltr'><strong>id</strong></span> <span class='ocrx_word' id='word_1_74' title='bbox 577 1216 672 1277; x_wconf 82' lang='lat' dir='ltr'><strong>deluit</strong></span> <span class='ocrx_word' id='word_1_75' title='bbox 695 1209 804 1298; x_wconf 76' lang='lat' dir='ltr'><strong>anaim)</strong></span> 
     </span>
    </p>

    <p class='ocr_par' dir='ltr' id='par_1_8' title="bbox 129 1300 1146 1476">
     <span class='ocr_line' id='line_1_13' title="bbox 130 1300 1146 1385; baseline 0 -19"><span class='ocrx_word' id='word_1_76' title='bbox 130 1308 249 1385; x_wconf 87' lang='lat' dir='ltr'><strong>spera&#39;ui</strong></span> <span class='ocrx_word' id='word_1_77' title='bbox 272 1314 301 1366; x_wconf 90' lang='lat' dir='ltr'><strong>te</strong></span> <span class='ocrx_word' id='word_1_78' title='bbox 325 1323 413 1385; x_wconf 89' lang='lat' dir='ltr'><strong>posse</strong></span> <span class='ocrx_word' id='word_1_79' title='bbox 438 1300 549 1365; x_wconf 80' lang='lat' dir='ltr'><strong>manu?</strong></span> <span class='ocrx_word' id='word_1_80' title='bbox 569 1304 677 1366; x_wconf 87' lang='lat' dir='ltr'><strong>talisne</strong></span> <span class='ocrx_word' id='word_1_81' title='bbox 700 1305 809 1383; x_wconf 75' lang='lat' dir='ltr'><strong>reliqui</strong></span> <span class='ocrx_word' id='word_1_82' title='bbox 1096 1317 1146 1367; x_wconf 76' lang='lat' dir='ltr'><strong>aaa</strong></span> 
     </span>
     <span class='ocr_line' id='line_1_14' title="bbox 129 1390 1066 1476; baseline 0.001 -21"><span class='ocrx_word' id='word_1_83' title='bbox 129 1395 183 1456; x_wconf 92' lang='lat' dir='ltr'><strong>has</strong></span> <span class='ocrx_word' id='word_1_84' title='bbox 202 1413 274 1476; x_wconf 83' lang='lat' dir='ltr'><strong>ego,</strong></span> <span class='ocrx_word' id='word_1_85' title='bbox 297 1396 404 1476; x_wconf 75' lang='lat' dir='ltr'><strong>antioc,</strong></span> <span class='ocrx_word' id='word_1_86' title='bbox 428 1390 554 1455; x_wconf 81' lang='lat' dir='ltr'><strong>domos?</strong></span> <span class='ocrx_word' id='word_1_87' title='bbox 578 1394 657 1472; x_wconf 89' lang='lat' dir='ltr'><strong>quod</strong></span> <span class='ocrx_word' id='word_1_88' title='bbox 681 1396 707 1455; x_wconf 92' lang='lat' dir='ltr'><strong>si</strong></span> <span class='ocrx_word' id='word_1_89' title='bbox 728 1395 788 1454; x_wconf 89' lang='lat' dir='ltr'><strong>iam</strong></span> <span class='ocrx_word' id='word_1_90' title='bbox 805 1393 883 1455; x_wconf 85' lang='lat' dir='ltr'><strong>bella</strong></span> <span class='ocrx_word' id='word_1_91' title='bbox 906 1393 1066 1456; x_wconf 87' lang='lat' dir='ltr'><strong>manebant</strong></span> 
     </span>
    </p>
   </div>
   <div class='ocr_carea' id='block_1_3' title="bbox 16 1475 1125 1564">
    <p class='ocr_par' dir='ltr' id='par_1_9' title="bbox 16 1475 1125 1564">
     <span class='ocr_line' id='line_1_15' title="bbox 16 1475 1125 1564; baseline -0.002 -19"><span class='ocrx_word' id='word_1_92' title='bbox 16 1475 28 1504; x_wconf 78' lang='lat'>‘</span> <span class='ocrx_word' id='word_1_93' title='bbox 129 1493 159 1545; x_wconf 92' lang='lat' dir='ltr'><strong>et</strong></span> <span class='ocrx_word' id='word_1_94' title='bbox 182 1484 323 1564; x_wconf 90' lang='lat' dir='ltr'><strong>placitum</strong></span> <span class='ocrx_word' id='word_1_95' title='bbox 345 1483 403 1543; x_wconf 92' lang='lat' dir='ltr'><strong>hoc</strong></span> <span class='ocrx_word' id='word_1_96' title='bbox 427 1484 557 1562; x_wconf 87' lang='lat' dir='ltr'><strong>superis,</strong></span> <span class='ocrx_word' id='word_1_97' title='bbox 580 1501 679 1543; x_wconf 87' lang='lat' dir='ltr'><strong>nonne</strong></span> <span class='ocrx_word' id='word_1_98' title='bbox 702 1483 777 1544; x_wconf 89' lang='lat' dir='ltr'><strong>haec</strong></span> <span class='ocrx_word' id='word_1_99' title='bbox 800 1500 865 1544; x_wconf 92' lang='lat' dir='ltr'><strong>mea</strong></span> <span class='ocrx_word' id='word_1_100' title='bbox 888 1485 998 1544; x_wconf 88' lang='lat' dir='ltr'><strong>iustius</strong></span> <span class='ocrx_word' id='word_1_101' title='bbox 1023 1492 1125 1545; x_wconf 85' lang='lat' dir='ltr'><strong>essem</strong></span> 
     </span>
    </p>
   </div>
   <div class='ocr_carea' id='block_1_4' title="bbox 123 1569 1154 3609">
    <p class='ocr_par' dir='ltr' id='par_1_10' title="bbox 129 1569 1149 2985">
     <span class='ocr_line' id='line_1_16' title="bbox 129 1569 1046 1652; baseline -0.001 -18"><span class='ocrx_word' id='word_1_102' title='bbox 129 1574 234 1634; x_wconf 91' lang='lat' dir='ltr'><strong>lunera</strong></span> <span class='ocrx_word' id='word_1_103' title='bbox 256 1589 364 1652; x_wconf 90' lang='lat' dir='ltr'><strong>meque</strong></span> <span class='ocrx_word' id='word_1_104' title='bbox 388 1580 459 1633; x_wconf 79' lang='lat' dir='ltr'><strong>tuias</strong></span> <span class='ocrx_word' id='word_1_105' title='bbox 482 1589 562 1632; x_wconf 84' lang='lat' dir='ltr'><strong>ntrnc</strong></span> <span class='ocrx_word' id='word_1_106' title='bbox 584 1570 740 1651; x_wconf 79' lang='lat' dir='ltr'><strong>plangeret</strong></span> <span class='ocrx_word' id='word_1_107' title='bbox 763 1570 791 1634; x_wconf 84' lang='lat' dir='ltr'><strong>a!</strong></span> <span class='ocrx_word' id='word_1_108' title='bbox 816 1571 911 1633; x_wconf 84' lang='lat' dir='ltr'><strong>malus</strong></span> <span class='ocrx_word' id='word_1_109' title='bbox 934 1569 1046 1634; x_wconf 75' lang='lat' dir='ltr'><strong>error?</strong></span> 
     </span>
     <span class='ocr_line' id='line_1_17' title="bbox 130 1660 945 1740; baseline 0 -18"><span class='ocrx_word' id='word_1_110' title='bbox 130 1680 186 1722; x_wconf 90' lang='lat' dir='ltr'><strong>nec</strong></span> <span class='ocrx_word' id='word_1_111' title='bbox 210 1660 299 1722; x_wconf 87' lang='lat' dir='ltr'><strong>Clarii</strong></span> <span class='ocrx_word' id='word_1_112' title='bbox 321 1679 401 1721; x_wconf 92' lang='lat' dir='ltr'><strong>nunc</strong></span> <span class='ocrx_word' id='word_1_113' title='bbox 424 1667 509 1721; x_wconf 91' lang='lat' dir='ltr'><strong>antra</strong></span> <span class='ocrx_word' id='word_1_114' title='bbox 532 1660 580 1721; x_wconf 91' lang='lat' dir='ltr'><strong>dei</strong></span> <span class='ocrx_word' id='word_1_115' title='bbox 602 1679 792 1740; x_wconf 81' lang='lat' dir='ltr'><strong>quercusque</strong></span> <span class='ocrx_word' id='word_1_116' title='bbox 814 1662 945 1722; x_wconf 78' lang='lat' dir='ltr'><strong>tonantis</strong></span> 
     </span>
     <span class='ocr_line' id='line_1_18' title="bbox 131 1749 1145 1830; baseline 0.001 -19"><span class='ocrx_word' id='word_1_117' title='bbox 131 1752 288 1830; x_wconf 84' lang='lat' dir='ltr'><strong>arguerim.</strong></span> <span class='ocrx_word' id='word_1_118' title='bbox 325 1749 438 1811; x_wconf 85' lang='lat' dir='ltr'><strong>talesne</strong></span> <span class='ocrx_word' id='word_1_119' title='bbox 463 1751 554 1830; x_wconf 88' lang='lat' dir='ltr'><strong>acies,</strong></span> <span class='ocrx_word' id='word_1_120' title='bbox 577 1749 690 1810; x_wconf 89' lang='lat' dir='ltr'><strong>talesne</strong></span> <span class='ocrx_word' id='word_1_121' title='bbox 714 1750 881 1830; x_wconf 88' lang='lat' dir='ltr'><strong>triumphos</strong></span> <span class='ocrx_word' id='word_1_122' title='bbox 1096 1763 1145 1812; x_wconf 83' lang='lat' dir='ltr'><strong>aee</strong></span> 
     </span>
     <span class='ocr_line' id='line_1_19' title="bbox 131 1835 1052 1919; baseline 0.001 -20"><span class='ocrx_word' id='word_1_123' title='bbox 131 1847 212 1902; x_wconf 88' lang='lat' dir='ltr'><strong>sorte</strong></span> <span class='ocrx_word' id='word_1_124' title='bbox 236 1835 367 1901; x_wconf 80' lang='lat' dir='ltr'><strong>dabant?</strong></span> <span class='ocrx_word' id='word_1_125' title='bbox 389 1845 563 1919; x_wconf 88' lang='lat' dir='ltr'><strong>tantumque</strong></span> <span class='ocrx_word' id='word_1_126' title='bbox 587 1839 671 1899; x_wconf 89' lang='lat' dir='ltr'><strong>nelas</strong></span> <span class='ocrx_word' id='word_1_127' title='bbox 694 1857 779 1900; x_wconf 87' lang='lat' dir='ltr'><strong>mens</strong></span> <span class='ocrx_word' id='word_1_128' title='bbox 802 1840 922 1900; x_wconf 87' lang='lat' dir='ltr'><strong>conseia</strong></span> <span class='ocrx_word' id='word_1_129' title='bbox 947 1846 1052 1900; x_wconf 85' lang='lat' dir='ltr'><strong>uatum</strong></span> 
     </span>
     <span class='ocr_line' id='line_1_20' title="bbox 131 1926 876 2009; baseline 0 -21"><span class='ocrx_word' id='word_1_130' title='bbox 131 1930 289 2009; x_wconf 86' lang='lat' dir='ltr'><strong>conticuit,</strong></span> <span class='ocrx_word' id='word_1_131' title='bbox 311 1929 424 2007; x_wconf 88' lang='lat' dir='ltr'><strong>patriae</strong></span> <span class='ocrx_word' id='word_1_132' title='bbox 447 1928 572 1988; x_wconf 77' lang='lat' dir='ltr'><strong>cainum</strong></span> <span class='ocrx_word' id='word_1_133' title='bbox 594 1926 715 1988; x_wconf 90' lang='lat' dir='ltr'><strong>crudele</strong></span> <span class='ocrx_word' id='word_1_134' title='bbox 739 1935 876 1989; x_wconf 89' lang='lat' dir='ltr'><strong>senectae</strong></span> 
     </span>
     <span class='ocr_line' id='line_1_21' title="bbox 131 2014 931 2078; baseline 0 -1"><span class='ocrx_word' id='word_1_135' title='bbox 131 2024 162 2078; x_wconf 88' lang='lat' dir='ltr'><strong>et</strong></span> <span class='ocrx_word' id='word_1_136' title='bbox 184 2025 230 2077; x_wconf 88' lang='lat' dir='ltr'><strong>tot</strong></span> <span class='ocrx_word' id='word_1_137' title='bbox 253 2017 360 2077; x_wconf 89' lang='lat' dir='ltr'><strong>acerba</strong></span> <span class='ocrx_word' id='word_1_138' title='bbox 383 2014 506 2076; x_wconf 86' lang='lat' dir='ltr'><strong>canens!</strong></span> <span class='ocrx_word' id='word_1_139' title='bbox 529 2016 589 2076; x_wconf 92' lang='lat' dir='ltr'><strong>heu</strong></span> <span class='ocrx_word' id='word_1_140' title='bbox 613 2016 691 2077; x_wconf 86' lang='lat' dir='ltr'><strong>diuis</strong></span> <span class='ocrx_word' id='word_1_141' title='bbox 713 2018 778 2077; x_wconf 93' lang='lat' dir='ltr'><strong>uisa</strong></span> <span class='ocrx_word' id='word_1_142' title='bbox 801 2018 931 2077; x_wconf 87' lang='lat' dir='ltr'><strong>sinistris</strong></span> 
     </span>
     <span class='ocr_line' id='line_1_22' title="bbox 131 2101 1061 2186; baseline -0.002 -19"><span class='ocrx_word' id='word_1_143' title='bbox 131 2124 223 2184; x_wconf 83' lang='lat' dir='ltr'><strong>regna</strong></span> <span class='ocrx_word' id='word_1_144' title='bbox 246 2103 332 2167; x_wconf 85' lang='lat' dir='ltr'><strong>mihil</strong></span> <span class='ocrx_word' id='word_1_145' title='bbox 356 2106 477 2184; x_wconf 54' lang='lat' dir='ltr'><strong>wem</strong></span> <span class='ocrx_word' id='word_1_146' title='bbox 499 2101 639 2166; x_wconf 85' lang='lat' dir='ltr'><strong>reditus?</strong></span> <span class='ocrx_word' id='word_1_147' title='bbox 661 2123 738 2184; x_wconf 89' lang='lat' dir='ltr'><strong>quac</strong></span> <span class='ocrx_word' id='word_1_148' title='bbox 761 2123 809 2166; x_wconf 91' lang='lat' dir='ltr'><strong>me</strong></span> <span class='ocrx_word' id='word_1_149' title='bbox 832 2104 949 2186; x_wconf 84' lang='lat' dir='ltr'><strong>hospita</strong></span> <span class='ocrx_word' id='word_1_150' title='bbox 972 2103 1061 2167; x_wconf 77' lang='lat' dir='ltr'><strong>tellus</strong></span> 
     </span>
     <span class='ocr_line' id='line_1_23' title="bbox 131 2190 1146 2275; baseline 0.001 -20"><span class='ocrx_word' id='word_1_151' title='bbox 131 2191 278 2275; x_wconf 82' lang='lat' dir='ltr'><strong>accipiet?</strong></span> <span class='ocrx_word' id='word_1_152' title='bbox 300 2213 376 2273; x_wconf 87' lang='lat' dir='ltr'><strong>quae</strong></span> <span class='ocrx_word' id='word_1_153' title='bbox 399 2210 460 2254; x_wconf 93' lang='lat' dir='ltr'><strong>non</strong></span> <span class='ocrx_word' id='word_1_154' title='bbox 482 2195 587 2273; x_wconf 88' lang='lat' dir='ltr'><strong>primis</strong></span> <span class='ocrx_word' id='word_1_155' title='bbox 604 2192 776 2273; x_wconf 90' lang='lat' dir='ltr'><strong>prohibebit</strong></span> <span class='ocrx_word' id='word_1_156' title='bbox 797 2190 941 2255; x_wconf 79' lang='lat' dir='ltr'><strong>harenis?</strong></span> <span class='ocrx_word' id='word_1_157' title='bbox 1097 2205 1146 2256; x_wconf 75' lang='lat' dir='ltr'><strong>aaa</strong></span> 
     </span>
     <span class='ocr_line' id='line_1_24' title="bbox 131 2282 799 2364; baseline 0 -20"><span class='ocrx_word' id='word_1_158' title='bbox 131 2284 267 2345; x_wconf 89' lang='lat' dir='ltr'><strong>inuidere</strong></span> <span class='ocrx_word' id='word_1_159' title='bbox 292 2283 354 2364; x_wconf 82' lang='lat' dir='ltr'><strong>dei,</strong></span> <span class='ocrx_word' id='word_1_160' title='bbox 377 2301 414 2343; x_wconf 90' lang='lat' dir='ltr'><strong>ne</strong></span> <span class='ocrx_word' id='word_1_161' title='bbox 437 2282 574 2344; x_wconf 87' lang='lat' dir='ltr'><strong>Phasidis</strong></span> <span class='ocrx_word' id='word_1_162' title='bbox 597 2301 669 2344; x_wconf 90' lang='lat' dir='ltr'><strong>arua</strong></span> <span class='ocrx_word' id='word_1_163' title='bbox 691 2284 799 2344; x_wconf 90' lang='lat' dir='ltr'><strong>remoti</strong></span> 
     </span>
     <span class='ocr_line' id='line_1_25' title="bbox 133 2370 980 2452; baseline 0 -20"><span class='ocrx_word' id='word_1_164' title='bbox 133 2379 163 2432; x_wconf 92' lang='lat' dir='ltr'><strong>et</strong></span> <span class='ocrx_word' id='word_1_165' title='bbox 187 2372 341 2452; x_wconf 78' lang='lat' dir='ltr'><strong>Scythicas</strong></span> <span class='ocrx_word' id='word_1_166' title='bbox 363 2370 523 2451; x_wconf 89' lang='lat' dir='ltr'><strong>populatus</strong></span> <span class='ocrx_word' id='word_1_167' title='bbox 545 2390 617 2451; x_wconf 84' lang='lat' dir='ltr'><strong>opes</strong></span> <span class='ocrx_word' id='word_1_168' title='bbox 640 2370 714 2433; x_wconf 89' lang='lat' dir='ltr'><strong>haec</strong></span> <span class='ocrx_word' id='word_1_169' title='bbox 736 2389 843 2434; x_wconf 80' lang='lat' dir='ltr'><strong>rursrrs</strong></span> <span class='ocrx_word' id='word_1_170' title='bbox 866 2372 980 2433; x_wconf 86' lang='lat' dir='ltr'><strong>adirem</strong></span> 
     </span>
     <span class='ocr_line' id='line_1_26' title="bbox 131 2458 909 2542; baseline -0.001 -21"><span class='ocrx_word' id='word_1_171' title='bbox 131 2458 233 2542; x_wconf 84' lang='lat' dir='ltr'><strong>litora,</strong></span> <span class='ocrx_word' id='word_1_172' title='bbox 256 2478 333 2521; x_wconf 87' lang='lat' dir='ltr'><strong>neue</strong></span> <span class='ocrx_word' id='word_1_173' title='bbox 357 2467 425 2520; x_wconf 89' lang='lat' dir='ltr'><strong>tuos</strong></span> <span class='ocrx_word' id='word_1_174' title='bbox 447 2461 524 2520; x_wconf 85' lang='lat' dir='ltr'><strong>irem</strong></span> <span class='ocrx_word' id='word_1_175' title='bbox 546 2467 619 2520; x_wconf 90' lang='lat' dir='ltr'><strong>tunc</strong></span> <span class='ocrx_word' id='word_1_176' title='bbox 643 2461 722 2521; x_wconf 90' lang='lat' dir='ltr'><strong>ultor</strong></span> <span class='ocrx_word' id='word_1_177' title='bbox 744 2463 776 2522; x_wconf 91' lang='lat' dir='ltr'><strong>in</strong></span> <span class='ocrx_word' id='word_1_178' title='bbox 799 2459 909 2521; x_wconf 89' lang='lat' dir='ltr'><strong>hostes.</strong></span> 
     </span>
     <span class='ocr_line' id='line_1_27' title="bbox 132 2547 993 2631; baseline 0 -22"><span class='ocrx_word' id='word_1_179' title='bbox 132 2550 176 2611; x_wconf 89' lang='lat' dir='ltr'><strong>ias</strong></span> <span class='ocrx_word' id='word_1_180' title='bbox 198 2559 298 2610; x_wconf 90' lang='lat' dir='ltr'><strong>tamen</strong></span> <span class='ocrx_word' id='word_1_181' title='bbox 321 2556 368 2609; x_wconf 89' lang='lat' dir='ltr'><strong>est</strong></span> <span class='ocrx_word' id='word_1_182' title='bbox 390 2547 528 2609; x_wconf 78' lang='lat' dir='ltr'><strong>conferre</strong></span> <span class='ocrx_word' id='word_1_183' title='bbox 551 2567 655 2631; x_wconf 79' lang='lat' dir='ltr'><strong>genas,</strong></span> <span class='ocrx_word' id='word_1_184' title='bbox 678 2550 722 2610; x_wconf 89' lang='lat' dir='ltr'><strong>ias</strong></span> <span class='ocrx_word' id='word_1_185' title='bbox 745 2551 869 2629; x_wconf 80' lang='lat' dir='ltr'><strong>iungere</strong></span> <span class='ocrx_word' id='word_1_186' title='bbox 892 2556 993 2610; x_wconf 88' lang='lat' dir='ltr'><strong>tecum</strong></span> 
     </span>
     <span class='ocr_line' id='line_1_28' title="bbox 131 2637 1149 2722; baseline 0 -22"><span class='ocrx_word' id='word_1_187' title='bbox 131 2648 253 2719; x_wconf 91' lang='lat' dir='ltr'><strong>pectora</strong></span> <span class='ocrx_word' id='word_1_188' title='bbox 277 2647 307 2699; x_wconf 87' lang='lat' dir='ltr'><strong>et</strong></span> <span class='ocrx_word' id='word_1_189' title='bbox 329 2656 479 2717; x_wconf 80' lang='lat' dir='ltr'><strong>exangues</strong></span> <span class='ocrx_word' id='word_1_190' title='bbox 500 2639 627 2698; x_wconf 88' lang='lat' dir='ltr'><strong>miscere</strong></span> <span class='ocrx_word' id='word_1_191' title='bbox 651 2637 834 2719; x_wconf 85' lang='lat' dir='ltr'><strong>amplexibus</strong></span> <span class='ocrx_word' id='word_1_192' title='bbox 857 2645 948 2722; x_wconf 69' lang='lat' dir='ltr'><strong>artem.</strong></span> <span class='ocrx_word' id='word_1_193' title='bbox 1098 2649 1149 2700; x_wconf 78' lang='lat' dir='ltr'><strong>ato</strong></span> 
     </span>
     <span class='ocr_line' id='line_1_29' title="bbox 131 2725 844 2807; baseline 0 -19"><span class='ocrx_word' id='word_1_194' title='bbox 131 2746 186 2788; x_wconf 93' lang='lat' dir='ltr'><strong>uos</strong></span> <span class='ocrx_word' id='word_1_195' title='bbox 210 2745 262 2807; x_wconf 83' lang='lat' dir='ltr'><strong>age</strong></span> <span class='ocrx_word' id='word_1_196' title='bbox 287 2727 425 2788; x_wconf 84' lang='lat' dir='ltr'><strong>funereas</strong></span> <span class='ocrx_word' id='word_1_197' title='bbox 449 2726 485 2786; x_wconf 91' lang='lat' dir='ltr'><strong>ad</strong></span> <span class='ocrx_word' id='word_1_198' title='bbox 508 2726 595 2788; x_wconf 90' lang='lat' dir='ltr'><strong>litora</strong></span> <span class='ocrx_word' id='word_1_199' title='bbox 617 2725 731 2788; x_wconf 87' lang='lat' dir='ltr'><strong>uoluite</strong></span> <span class='ocrx_word' id='word_1_200' title='bbox 754 2726 844 2788; x_wconf 86' lang='lat' dir='ltr'><strong>siluas</strong></span> 
     </span>
     <span class='ocr_line' id='line_1_30' title="bbox 133 2814 887 2895; baseline 0.001 -19"><span class='ocrx_word' id='word_1_201' title='bbox 133 2823 164 2876; x_wconf 90' lang='lat' dir='ltr'><strong>et</strong></span> <span class='ocrx_word' id='word_1_202' title='bbox 186 2817 283 2876; x_wconf 90' lang='lat' dir='ltr'><strong>socios</strong></span> <span class='ocrx_word' id='word_1_203' title='bbox 306 2814 430 2876; x_wconf 92' lang='lat' dir='ltr'><strong>lustrate</strong></span> <span class='ocrx_word' id='word_1_204' title='bbox 453 2833 556 2895; x_wconf 80' lang='lat' dir='ltr'><strong>rogos3</strong></span> <span class='ocrx_word' id='word_1_205' title='bbox 578 2815 646 2876; x_wconf 87' lang='lat' dir='ltr'><strong>date</strong></span> <span class='ocrx_word' id='word_1_206' title='bbox 669 2814 768 2878; x_wconf 88' lang='lat' dir='ltr'><strong>debita</strong></span> <span class='ocrx_word' id='word_1_207' title='bbox 791 2817 887 2877; x_wconf 84' lang='lat' dir='ltr'><strong>caesis</strong></span> 
     </span>
     <span class='ocr_line' id='line_1_31' title="bbox 133 2899 905 2985; baseline 0 -19"><span class='ocrx_word' id='word_1_208' title='bbox 133 2922 276 2984; x_wconf 85' lang='lat' dir='ltr'><strong>munera,</strong></span> <span class='ocrx_word' id='word_1_209' title='bbox 299 2921 374 2983; x_wconf 91' lang='lat' dir='ltr'><strong>quae</strong></span> <span class='ocrx_word' id='word_1_210' title='bbox 398 2911 502 2964; x_wconf 88' lang='lat' dir='ltr'><strong>nostro</strong></span> <span class='ocrx_word' id='word_1_211' title='bbox 525 2905 656 2965; x_wconf 83' lang='lat' dir='ltr'><strong>irrisisset</strong></span> <span class='ocrx_word' id='word_1_212' title='bbox 676 2903 801 2985; x_wconf 75' lang='lat' dir='ltr'><strong>(lyricus</strong></span> <span class='ocrx_word' id='word_1_213' title='bbox 824 2899 905 2985; x_wconf 70' lang='lat' dir='ltr'><strong>igni?</strong></span> 
     </span>
    </p>

    <p class='ocr_par' dir='ltr' id='par_1_11' title="bbox 123 2989 1154 3609">
     <span class='ocr_line' id='line_1_32' title="bbox 178 2989 893 3073; baseline 0.003 -20"><span class='ocrx_word' id='word_1_214' title='bbox 178 2992 267 3054; x_wconf 87' lang='lat' dir='ltr'><strong>Parte</strong></span> <span class='ocrx_word' id='word_1_215' title='bbox 292 2992 347 3054; x_wconf 89' lang='lat' dir='ltr'><strong>alia</strong></span> <span class='ocrx_word' id='word_1_216' title='bbox 369 2989 455 3053; x_wconf 80' lang='lat' dir='ltr'><strong>Clite</strong></span> <span class='ocrx_word' id='word_1_217' title='bbox 468 2992 581 3053; x_wconf 87' lang='lat' dir='ltr'><strong>laceras</strong></span> <span class='ocrx_word' id='word_1_218' title='bbox 605 3011 696 3073; x_wconf 91' lang='lat' dir='ltr'><strong>super</strong></span> <span class='ocrx_word' id='word_1_219' title='bbox 719 3012 772 3055; x_wconf 90' lang='lat' dir='ltr'><strong>ora</strong></span> <span class='ocrx_word' id='word_1_220' title='bbox 794 2995 893 3055; x_wconf 91' lang='lat' dir='ltr'><strong>mariti</strong></span> 
     </span>
     <span class='ocr_line' id='line_1_33' title="bbox 134 3081 1152 3163; baseline 0.003 -21"><span class='ocrx_word' id='word_1_221' title='bbox 134 3082 200 3142; x_wconf 86' lang='lat' dir='ltr'><strong>lusa</strong></span> <span class='ocrx_word' id='word_1_222' title='bbox 223 3100 321 3142; x_wconf 90' lang='lat' dir='ltr'><strong>comas</strong></span> <span class='ocrx_word' id='word_1_223' title='bbox 344 3082 453 3142; x_wconf 81' lang='lat' dir='ltr'><strong>nisena</strong></span> <span class='ocrx_word' id='word_1_224' title='bbox 475 3084 507 3142; x_wconf 89' lang='lat' dir='ltr'><strong>in</strong></span> <span class='ocrx_word' id='word_1_225' title='bbox 529 3081 665 3162; x_wconf 88' lang='lat' dir='ltr'><strong>planctus</strong></span> <span class='ocrx_word' id='word_1_226' title='bbox 687 3091 776 3144; x_wconf 79' lang='lat' dir='ltr'><strong>taceat</strong></span> <span class='ocrx_word' id='word_1_227' title='bbox 798 3085 914 3163; x_wconf 82' lang='lat' dir='ltr'><strong>agmina</strong></span> <span class='ocrx_word' id='word_1_228' title='bbox 937 3090 1067 3144; x_wconf 67' lang='lat' dir='ltr'><strong>murum</strong></span> <span class='ocrx_word' id='word_1_229' title='bbox 1099 3095 1152 3145; x_wconf 80' lang='lat' dir='ltr'><strong>att</strong></span> 
     </span>
     <span class='ocr_line' id='line_1_34' title="bbox 134 3166 1085 3252; baseline 0.003 -22"><span class='ocrx_word' id='word_1_230' title='bbox 134 3171 215 3231; x_wconf 89' lang='lat' dir='ltr'><strong>latur</strong></span> <span class='ocrx_word' id='word_1_231' title='bbox 237 3170 376 3231; x_wconf 71' lang='lat' dir='ltr'><strong>ethaeos</strong></span> <span class='ocrx_word' id='word_1_232' title='bbox 400 3166 516 3250; x_wconf 75' lang='lat' dir='ltr'><strong>‘prinus</strong></span> <span class='ocrx_word' id='word_1_233' title='bbox 537 3173 669 3232; x_wconf 86' lang='lat' dir='ltr'><strong>coniunx</strong></span> <span class='ocrx_word' id='word_1_234' title='bbox 691 3179 814 3252; x_wconf 88' lang='lat' dir='ltr'><strong>ereptus</strong></span> <span class='ocrx_word' id='word_1_235' title='bbox 836 3173 868 3232; x_wconf 94' lang='lat' dir='ltr'><strong>in</strong></span> <span class='ocrx_word' id='word_1_236' title='bbox 891 3173 978 3233; x_wconf 90' lang='lat' dir='ltr'><strong>annis</strong></span> <span class='ocrx_word' id='word_1_237' title='bbox 1071 3238 1085 3247; x_wconf 69' lang='grc'><strong><em>,</em></strong></span> 
     </span>
     <span class='ocr_line' id='line_1_35' title="bbox 134 3258 982 3341; baseline 0.001 -21"><span class='ocrx_word' id='word_1_238' title='bbox 134 3266 242 3320; x_wconf 90' lang='lat' dir='ltr'><strong>cuncta</strong></span> <span class='ocrx_word' id='word_1_239' title='bbox 264 3258 370 3339; x_wconf 83' lang='lat' dir='ltr'><strong>trahis3</strong></span> <span class='ocrx_word' id='word_1_240' title='bbox 392 3259 521 3320; x_wconf 89' lang='lat' dir='ltr'><strong>necdum</strong></span> <span class='ocrx_word' id='word_1_241' title='bbox 543 3258 662 3322; x_wconf 87' lang='lat' dir='ltr'><strong>suboles</strong></span> <span class='ocrx_word' id='word_1_242' title='bbox 685 3279 741 3322; x_wconf 91' lang='lat' dir='ltr'><strong>nec</strong></span> <span class='ocrx_word' id='word_1_243' title='bbox 764 3259 869 3341; x_wconf 82' lang='lat' dir='ltr'><strong>gaudia</strong></span> <span class='ocrx_word' id='word_1_244' title='bbox 892 3260 929 3321; x_wconf 89' lang='lat' dir='ltr'><strong>de</strong></span> <span class='ocrx_word' id='word_1_245' title='bbox 952 3268 982 3321; x_wconf 92' lang='lat' dir='ltr'><strong>te</strong></span> 
     </span>
     <span class='ocr_line' id='line_1_36' title="bbox 134 3347 991 3431; baseline 0.001 -22"><span class='ocrx_word' id='word_1_246' title='bbox 134 3348 193 3409; x_wconf 92' lang='lat' dir='ltr'><strong>ulla</strong></span> <span class='ocrx_word' id='word_1_247' title='bbox 211 3347 297 3429; x_wconf 87' lang='lat' dir='ltr'><strong>mihi,</strong></span> <span class='ocrx_word' id='word_1_248' title='bbox 320 3350 389 3427; x_wconf 91' lang='lat' dir='ltr'><strong>quis</strong></span> <span class='ocrx_word' id='word_1_249' title='bbox 411 3356 523 3410; x_wconf 87' lang='lat' dir='ltr'><strong>maesta</strong></span> <span class='ocrx_word' id='word_1_250' title='bbox 545 3356 614 3410; x_wconf 86' lang='lat' dir='ltr'><strong>tuos</strong></span> <span class='ocrx_word' id='word_1_251' title='bbox 636 3367 731 3431; x_wconf 86' lang='lat' dir='ltr'><strong>nuuc,</strong></span> <span class='ocrx_word' id='word_1_252' title='bbox 754 3351 879 3430; x_wconf 87' lang='lat' dir='ltr'><strong>optime,</strong></span> <span class='ocrx_word' id='word_1_253' title='bbox 902 3366 991 3411; x_wconf 88' lang='lat' dir='ltr'><strong>casus</strong></span> 
     </span>
     <span class='ocr_line' id='line_1_37' title="bbox 134 3436 852 3517; baseline 0.003 -19"><span class='ocrx_word' id='word_1_254' title='bbox 134 3444 309 3517; x_wconf 88' lang='lat' dir='ltr'><strong>perpeterer</strong></span> <span class='ocrx_word' id='word_1_255' title='bbox 331 3439 416 3500; x_wconf 91' lang='lat' dir='ltr'><strong>tenui</strong></span> <span class='ocrx_word' id='word_1_256' title='bbox 437 3436 552 3498; x_wconf 89' lang='lat' dir='ltr'><strong>luctum</strong></span> <span class='ocrx_word' id='word_1_257' title='bbox 574 3437 715 3500; x_wconf 84' lang='lat' dir='ltr'><strong>solamine</strong></span> <span class='ocrx_word' id='word_1_258' title='bbox 739 3438 852 3501; x_wconf 79' lang='lat' dir='ltr'><strong>fallens.</strong></span> 
     </span>
     <span class='ocr_line' id='line_1_38' title="bbox 123 3525 1154 3609; baseline 0.007 -24"><span class='ocrx_word' id='word_1_259' title='bbox 123 3525 287 3603; x_wconf 76' lang='lat' dir='ltr'><strong>Mygdonis</strong></span> <span class='ocrx_word' id='word_1_260' title='bbox 308 3543 394 3587; x_wconf 87' lang='lat' dir='ltr'><strong>arma</strong></span> <span class='ocrx_word' id='word_1_261' title='bbox 412 3533 532 3608; x_wconf 86' lang='lat' dir='ltr'><strong>patrem</strong></span> <span class='ocrx_word' id='word_1_262' title='bbox 555 3525 731 3609; x_wconf 80' lang='lat' dir='ltr'><strong>funestaque</strong></span> <span class='ocrx_word' id='word_1_263' title='bbox 754 3526 867 3609; x_wconf 87' lang='lat' dir='ltr'><strong>proeha</strong></span> <span class='ocrx_word' id='word_1_264' title='bbox 890 3544 987 3609; x_wconf 86' lang='lat' dir='ltr'><strong>nuper</strong></span> <span class='ocrx_word' id='word_1_265' title='bbox 1101 3540 1154 3592; x_wconf 76' lang='lat' dir='ltr'><strong>aaa</strong></span> 
     </span>
    </p>
   </div>
   <div class='ocr_carea' id='block_1_5' title="bbox 0 0 1202 3878">
    <p class='ocr_par' dir='ltr' id='par_1_12' title="bbox 0 0 1202 3878">
     <span class='ocr_line' id='line_1_39' title="bbox 0 0 1202 3878; baseline 0 0"><span class='ocrx_word' id='word_1_266' title='bbox 0 0 1202 3878; x_wconf 95' lang='lat' dir='ltr'><strong> </strong></span> 
     </span>
    </p>
   </div>
  </div>
 </body>
</html>
