2384 3878
82 193 125 259 70
424 190 454 245 G.
472 189 610 245 vntum
627 187 758 244 rnnccl

127 343 206 404 llaec
230 341 282 404 ubi
304 360 365 402 non
388 338 446 401 ula
464 341 590 400 iuuenes
613 338 771 400 formidine
793 340 867 398 moti

82 434 244 513 accipiunt,
266 430 348 491 dolet
369 437 413 511 et,
436 429 546 490 durent
569 431 595 489 si
616 446 742 508 pergere
766 435 874 507 mente,
1050 438 1100 490 111

83 531 166 602 terga
189 522 274 601 sequi
296 536 501 600 properosque
524 517 607 579 iubet
630 519 811 597 coniungere
834 533 966 594 gressus.

81 611 169 673 litore
193 613 223 671 in
247 616 380 670 extremo
403 609 545 688 spelunca
568 608 704 688 apparuit
726 609 839 687 ingens,

82 699 238 762 arboribus
262 716 354 778 super
376 706 407 760 et
429 698 518 758 dorso
542 705 679 759 contecta
701 698 835 777 minanti,

83 808 143 850 non
167 806 242 867 quac
265 787 342 848 dona
365 787 427 869 die,
450 806 510 848 non
534 805 609 867 qnae
632 786 730 847 trahat
752 784 881 847 aetheris
904 787 1021 866 ignem3

82 877 186 938 infelix
208 877 314 938 domus
337 885 368 937 et
391 879 490 938 sonitu
513 875 702 938 trembunda
724 873 873 955 profundi.
1048 885 1101 935 rao

84 975 114 1028 at
136 967 213 1027 uarii
235 986 290 1047 pro
314 985 388 1046 rupe
412 975 523 1029 metus:
545 965 594 1027 hic
618 973 723 1026 trunca
746 965 851 1026 rotatis

84 1055 205 1116 brachia
227 1064 311 1136 rapta
334 1057 409 1116 uiris
432 1058 597 1135 strictoque
620 1057 769 1116 inmortua
792 1062 894 1116 caestu

84 1163 210 1224 ossaque
234 1151 329 1206 taetra
352 1147 412 1207 situ
435 1152 465 1205 et
488 1146 618 1225 capitum
641 1146 856 1206 maestissimus
879 1143 953 1205 ordo

84 1226 243 1315 (respicias
266 1233 375 1312 quibus
398 1233 525 1294 aduerso
548 1233 604 1295 sub
628 1233 753 1295 uulnere
777 1233 857 1295 nulla
958 1233 962 1239 '

83 1323 142 1381 iam
166 1322 256 1382 iacies
275 1340 330 1382 nec
354 1339 462 1383 nomen
486 1316 579 1406 erat),
602 1323 699 1383 media
721 1325 817 1403 ipsius
840 1340 921 1383 mma
1051 1335 1102 1386 111

84 1424 169 1470 sacra
191 1418 274 1471 metu
296 1413 454 1491 magnique
478 1414 537 1473 aris
560 1414 678 1493 inposta
700 1413 841 1491 parentis.

84 1497 211 1578 hospitis
233 1499 282 1560 hic
305 1501 436 1579 primum
458 1503 590 1562 monitus
613 1501 731 1562 rediere
755 1500 917 1582 Dymantis,

84 1595 113 1647 et
136 1606 230 1666 pauor
253 1596 283 1648 et
306 1590 432 1650 monstri
454 1587 546 1650 subiit
568 1588 699 1650 absentis
721 1591 828 1670 imago,

83 1683 173 1753 atque
197 1675 299 1737 oculos
323 1679 423 1739 cuncti
446 1679 525 1738 inter
548 1697 580 1738 se
603 1686 728 1739 tenuere
753 1678 885 1759 silentes,

83 1764 178 1825 donec
201 1765 318 1826 sidereo
341 1765 446 1828 Pollux
469 1769 624 1828 interritus
648 1786 700 1828 ore
1050 1781 1102 1830 1111

84 1847 125 1915 ‘te
148 1862 248 1915 tamen
270 1856 339 1937 hac,
363 1858 543 1936 quicumque
568 1851 620 1938 es,'
645 1859 686 1917 ait
709 1852 878 1917 ‘formidine
902 1856 970 1917 laxo

84 1943 144 2003 iam
167 1951 218 2004 tua
242 1943 316 2005 silua
340 1946 428 2028 ferat,
451 1944 539 2006 modo
562 1948 622 2006 sint
645 1945 699 2006 tibi
718 1947 838 2025 sanguis
861 1952 892 2005 et
914 1942 1020 2008 artus?

83 2031 221 2092 omnibus
243 2032 322 2093 idem
346 2036 462 2094 animus
485 2035 556 2094 lorti
577 2033 740 2094 decernere
763 2050 871 2114 pugna,

84 2127 283 2201 exoptantque
307 2123 408 2183 uirum
430 2130 593 2201 contraque
613 2140 772 2184 occurrere
796 2131 932 2202 poscunt.

84 2209 212 2289 qualiter
234 2213 343 2290 ignotis
366 2219 554 2292 spumantem
576 2211 711 2273 funditus
734 2229 851 2272 amnem
1051 2224 1102 2274 195

83 2385 186 2466 pandit
207 2387 279 2468 iter,
301 2405 370 2448 mox
393 2406 480 2449 omne
502 2406 595 2468 pecus
620 2388 777 2449 formidine
799 2388 885 2468 pulsa

84 2493 161 2554 pone
185 2474 280 2558 subit,
302 2476 421 2555 iamque
444 2484 475 2537 et
496 2477 602 2537 mediis
625 2477 776 2557 praecedit
799 2476 835 2537 ab
860 2476 955 2538 undis.

128 2563 165 2624 Α1
186 2564 292 2645 procul
314 2583 331 2624 e
355 2564 439 2626 siluis
462 2583 527 2626 sese
546 2565 745 2646 gregibusque
769 2565 885 2627 ferebat

85 2671 190 2714 saeuos
213 2656 244 2714 in
267 2662 352 2716 antra
374 2657 485 2734 gigans.
514 2673 603 2735 quem
626 2674 681 2716 nec
705 2673 758 2716 sua
782 2653 868 2716 turba
892 2655 1004 2716 tuendo
1047 2670 1101 2717 ‘roo

83 2743 107 2802 it
129 2743 211 2802 taciti
234 2760 340 2803 secura
362 2751 468 2806 metus.
514 2744 648 2805 mortalia
670 2761 817 2824 nusquam

85 2832 168 2909 signa
191 2837 324 2911 manent3
348 2832 442 2891 instar
465 2833 592 2912 scopuli,
616 2835 668 2913 qui
691 2831 843 2894 montibus
866 2831 932 2894 altis

84 2936 219 2980 summus
242 2917 303 2979 abit
326 2918 473 2998 longeque
496 2922 565 3000 iugo
589 2928 647 2981 stat
671 2920 751 2982 solus
775 2920 811 2981 ab
834 2923 923 2982 omni.

84 3006 202 3068 deuolat
224 3007 293 3068 inde
317 3008 434 3090 lurcos,
457 3026 513 3070 nec
537 3028 596 3089 quo
620 3011 668 3071 uia
692 3029 785 3072 eume
804 3010 932 3090 proiecti

83 3114 139 3157 nee
162 3114 256 3175 genus
279 3103 347 3158 ante
370 3105 467 3179 rogat,
490 3098 542 3159 sed
566 3099 617 3159 tali
639 3106 779 3179 protonat
801 3101 858 3159 ira:
1045 3109 1098 3160 205

84 3179 230 3266 incipite,
253 3205 270 3246 o
294 3188 427 3248 iuuenes.
473 3189 584 3249 etenim
606 3187 727 3269 llducia,
750 3186 848 3267 credo,

82 3273 142 3335 buc
167 3272 233 3334 tulit
256 3275 370 3336 auditas
393 3283 423 3337 et
442 3283 548 3355 sponte
571 3275 717 3337 lacessitis
740 3294 815 3338 oras.

84 3365 130 3423 sin
153 3379 256 3424 errore
280 3365 345 3426 uiae
370 3363 498 3425 necdum
516 3382 600 3425 mens
623 3383 713 3444 gnara
735 3365 883 3426 locorum:

83 3450 214 3530 Neptuni
236 3470 275 3513 en
297 3451 404 3513 domus
426 3452 522 3532 adque
546 3461 663 3532 egomet
684 3454 833 3533 Neptunia
855 3452 963 3533 proles.

77 3538 130 3600 bic
151 3539 224 3604 mibi
246 3539 295 3602 lex
319 3548 436 3604 caestus
460 3541 645 3623 aduersaque
670 3541 773 3604 tollere
796 3549 902 3602 contra
1044 3552 1098 3602 alo

153 3808 184 3838 A*
272 3822 286 3838 ι-
