<?xml version="1.0" encoding="UTF-8"?>
<!DOCTYPE html PUBLIC "-//W3C//DTD XHTML 1.0 Transitional//EN"
    "http://www.w3.org/TR/xhtml1/DTD/xhtml1-transitional.dtd">
<html xmlns="http://www.w3.org/1999/xhtml" xml:lang="en" lang="en">
 <head>
  <title>
</title>
<meta http-equiv="Content-Type" content="text/html;charset=utf-8" />
  <meta name='ocr-system' content='tesseract 3.04.00' />
  <meta name='ocr-capabilities' content='ocr_page ocr_carea ocr_par ocr_line ocrx_word'/>
</head>
<body>
  <div class='ocr_page' id='page_1' title='image "./cvaleriflaccise01flacgoog_0010.png"; bbox 0 0 2384 3878; ppageno 0'>
   <div class='ocr_carea' id='block_1_1' title="bbox 492 212 1109 269">
    <p class='ocr_par' dir='ltr' id='par_1_1' title="bbox 492 212 1109 269">
     <span class='ocr_line' id='line_1_1' title="bbox 492 212 1109 269; baseline 0.003 -3"><span class='ocrx_word' id='word_1_1' title='bbox 492 212 707 269; x_wconf 78' lang='lat' dir='ltr'><strong>PRAEFATIO.</strong></span> <span class='ocrx_word' id='word_1_2' title='bbox 1083 215 1109 268; x_wconf 90' lang='lat' dir='ltr'>V</span> 
     </span>
    </p>
   </div>
   <div class='ocr_carea' id='block_1_2' title="bbox 84 363 1174 3637">
    <p class='ocr_par' dir='ltr' id='par_1_2' title="bbox 84 363 1174 3637">
     <span class='ocr_line' id='line_1_2' title="bbox 92 363 1108 444; baseline 0 -20"><span class='ocrx_word' id='word_1_3' title='bbox 92 374 216 443; x_wconf 90' lang='lat' dir='ltr'>tumque</span> <span class='ocrx_word' id='word_1_4' title='bbox 245 365 293 424; x_wconf 90' lang='lat' dir='ltr'>illa</span> <span class='ocrx_word' id='word_1_5' title='bbox 321 372 453 444; x_wconf 83' lang='lat' dir='ltr'>praestat</span> <span class='ocrx_word' id='word_1_6' title='bbox 480 365 646 424; x_wconf 90' lang='lat' dir='ltr'>sententiae</span> <span class='ocrx_word' id='word_1_7' title='bbox 677 381 781 423; x_wconf 90' lang='lat' dir='ltr'>eornm</span> <span class='ocrx_word' id='word_1_8' title='bbox 809 366 862 442; x_wconf 89' lang='lat' dir='ltr'>qui</span> <span class='ocrx_word' id='word_1_9' title='bbox 884 363 1032 424; x_wconf 83' lang='lat' dir='ltr'>Valerium</span> <span class='ocrx_word' id='word_1_10' title='bbox 1055 365 1108 424; x_wconf 85' lang='lat' dir='ltr'>Ar-</span> 
     </span>
     <span class='ocr_line' id='line_1_3' title="bbox 92 453 1109 532; baseline -0.001 -19"><span class='ocrx_word' id='word_1_11' title='bbox 92 457 249 532; x_wconf 87' lang='lat' dir='ltr'>gonautica</span> <span class='ocrx_word' id='word_1_12' title='bbox 272 453 447 532; x_wconf 84' lang='lat' dir='ltr'>imperfecta</span> <span class='ocrx_word' id='word_1_13' title='bbox 470 453 628 531; x_wconf 79' lang='lat' dir='ltr'>reliquisse</span> <span class='ocrx_word' id='word_1_14' title='bbox 652 459 783 512; x_wconf 91' lang='lat' dir='ltr'>censent.</span> <span class='ocrx_word' id='word_1_15' title='bbox 830 453 917 512; x_wconf 92' lang='lat' dir='ltr'>cuius</span> <span class='ocrx_word' id='word_1_16' title='bbox 944 455 989 513; x_wconf 91' lang='lat' dir='ltr'>rei</span> <span class='ocrx_word' id='word_1_17' title='bbox 1013 471 1109 532; x_wconf 82' lang='lat' dir='ltr'>nuper</span> 
     </span>
     <span class='ocr_line' id='line_1_4' title="bbox 92 540 1108 620; baseline 0.001 -20"><span class='ocrx_word' id='word_1_18' title='bbox 92 541 178 602; x_wconf 85' lang='lat' dir='ltr'>Thilo</span> <span class='ocrx_word' id='word_1_19' title='bbox 207 545 332 620; x_wconf 84' lang='lat' dir='ltr'>eiusque</span> <span class='ocrx_word' id='word_1_20' title='bbox 366 541 477 602; x_wconf 92' lang='lat' dir='ltr'>assecla</span> <span class='ocrx_word' id='word_1_21' title='bbox 501 540 696 601; x_wconf 86' lang='lat' dir='ltr'>Schenkelius</span> <span class='ocrx_word' id='word_1_22' title='bbox 728 540 777 600; x_wconf 93' lang='lat' dir='ltr'>uel</span> <span class='ocrx_word' id='word_1_23' title='bbox 809 543 840 600; x_wconf 90' lang='lat' dir='ltr'>in</span> <span class='ocrx_word' id='word_1_24' title='bbox 873 540 997 620; x_wconf 88' lang='lat' dir='ltr'>singulis</span> <span class='ocrx_word' id='word_1_25' title='bbox 1024 541 1108 602; x_wconf 90' lang='lat' dir='ltr'>libris</span> 
     </span>
     <span class='ocr_line' id='line_1_5' title="bbox 92 628 1108 710; baseline 0.001 -21"><span class='ocrx_word' id='word_1_26' title='bbox 92 631 200 692; x_wconf 93' lang='lat' dir='ltr'>indicia</span> <span class='ocrx_word' id='word_1_27' title='bbox 225 633 390 691; x_wconf 89' lang='lat' dir='ltr'>certissima</span> <span class='ocrx_word' id='word_1_28' title='bbox 414 630 645 710; x_wconf 78' lang='lat' dir='ltr'>deprehendisse</span> <span class='ocrx_word' id='word_1_29' title='bbox 670 628 728 689; x_wconf 85' lang='lat' dir='ltr'>sibi</span> <span class='ocrx_word' id='word_1_30' title='bbox 751 636 821 689; x_wconf 90' lang='lat' dir='ltr'>sunt</span> <span class='ocrx_word' id='word_1_31' title='bbox 844 631 910 689; x_wconf 91' lang='lat' dir='ltr'>uisi.</span> <span class='ocrx_word' id='word_1_32' title='bbox 952 648 1021 689; x_wconf 91' lang='lat' dir='ltr'>nam</span> <span class='ocrx_word' id='word_1_33' title='bbox 1043 629 1108 691; x_wconf 91' lang='lat' dir='ltr'>ubi·</span> 
     </span>
     <span class='ocr_line' id='line_1_6' title="bbox 91 719 1107 799; baseline 0 -20"><span class='ocrx_word' id='word_1_34' title='bbox 91 738 221 798; x_wconf 89' lang='lat' dir='ltr'>cumque</span> <span class='ocrx_word' id='word_1_35' title='bbox 251 720 314 780; x_wconf 86' lang='lat' dir='ltr'>lere</span> <span class='ocrx_word' id='word_1_36' title='bbox 338 722 500 781; x_wconf 86' lang='lat' dir='ltr'>sententias</span> <span class='ocrx_word' id='word_1_37' title='bbox 523 719 653 799; x_wconf 58' lang='lat' dir='ltr'>hiantes</span> <span class='ocrx_word' id='word_1_38' title='bbox 676 736 820 778; x_wconf 89' lang='lat' dir='ltr'>uersuum</span> <span class='ocrx_word' id='word_1_39' title='bbox 849 719 985 779; x_wconf 84' lang='lat' dir='ltr'>ordinem</span> <span class='ocrx_word' id='word_1_40' title='bbox 1007 720 1107 779; x_wconf 91' lang='lat' dir='ltr'>turba-</span> 
     </span>
     <span class='ocr_line' id='line_1_7' title="bbox 92 806 1109 888; baseline -0.002 -20"><span class='ocrx_word' id='word_1_41' title='bbox 92 817 170 888; x_wconf 85' lang='lat' dir='ltr'>tum,</span> <span class='ocrx_word' id='word_1_42' title='bbox 208 808 371 868; x_wconf 93' lang='lat' dir='ltr'>uerborum</span> <span class='ocrx_word' id='word_1_43' title='bbox 409 807 513 869; x_wconf 89' lang='lat' dir='ltr'>sordes</span> <span class='ocrx_word' id='word_1_44' title='bbox 550 806 739 884; x_wconf 87' lang='lat' dir='ltr'>maculasque</span> <span class='ocrx_word' id='word_1_45' title='bbox 776 809 972 888; x_wconf 79' lang='lat' dir='ltr'>inuenerunt,</span> <span class='ocrx_word' id='word_1_46' title='bbox 1010 810 1109 868; x_wconf 91' lang='lat' dir='ltr'>statim</span> 
     </span>
     <span class='ocr_line' id='line_1_8' title="bbox 92 894 1107 975; baseline 0.001 -20"><span class='ocrx_word' id='word_1_47' title='bbox 92 897 165 956; x_wconf 89' lang='lat' dir='ltr'>haec</span> <span class='ocrx_word' id='word_1_48' title='bbox 199 897 234 956; x_wconf 88' lang='lat' dir='ltr'>ad</span> <span class='ocrx_word' id='word_1_49' title='bbox 261 899 401 957; x_wconf 80' lang='lat' dir='ltr'>carminis</span> <span class='ocrx_word' id='word_1_50' title='bbox 429 896 604 973; x_wconf 83' lang='lat' dir='ltr'>imperfecte</span> <span class='ocrx_word' id='word_1_51' title='bbox 632 894 732 955; x_wconf 79' lang='lat' dir='ltr'>relicti</span> <span class='ocrx_word' id='word_1_52' title='bbox 760 904 790 956; x_wconf 93' lang='lat' dir='ltr'>et</span> <span class='ocrx_word' id='word_1_53' title='bbox 819 914 835 956; x_wconf 90' lang='lat' dir='ltr'>a</span> <span class='ocrx_word' id='word_1_54' title='bbox 863 903 969 975; x_wconf 90' lang='lat' dir='ltr'>poetae</span> <span class='ocrx_word' id='word_1_55' title='bbox 997 899 1107 957; x_wconf 90' lang='lat' dir='ltr'>mortui</span> 
     </span>
     <span class='ocr_line' id='line_1_9' title="bbox 92 983 1105 1063; baseline 0.002 -20"><span class='ocrx_word' id='word_1_56' title='bbox 92 988 187 1044; x_wconf 90' lang='lat' dir='ltr'>amico</span> <span class='ocrx_word' id='word_1_57' title='bbox 216 985 342 1063; x_wconf 89' lang='lat' dir='ltr'>quodam</span> <span class='ocrx_word' id='word_1_58' title='bbox 372 1003 431 1044; x_wconf 90' lang='lat' dir='ltr'>non</span> <span class='ocrx_word' id='word_1_59' title='bbox 460 993 505 1044; x_wconf 93' lang='lat' dir='ltr'>sat</span> <span class='ocrx_word' id='word_1_60' title='bbox 533 983 670 1062; x_wconf 83' lang='lat' dir='ltr'>religiose</span> <span class='ocrx_word' id='word_1_61' title='bbox 700 983 771 1043; x_wconf 88' lang='lat' dir='ltr'>editi</span> <span class='ocrx_word' id='word_1_62' title='bbox 794 986 934 1044; x_wconf 90' lang='lat' dir='ltr'>miseram</span> <span class='ocrx_word' id='word_1_63' title='bbox 958 987 1105 1046; x_wconf 88' lang='lat' dir='ltr'>condicio-</span> 
     </span>
     <span class='ocr_line' id='line_1_10' title="bbox 92 1071 1108 1134; baseline 0 -1"><span class='ocrx_word' id='word_1_64' title='bbox 92 1092 163 1133; x_wconf 90' lang='lat' dir='ltr'>nem</span> <span class='ocrx_word' id='word_1_65' title='bbox 186 1075 310 1134; x_wconf 87' lang='lat' dir='ltr'>artificio</span> <span class='ocrx_word' id='word_1_66' title='bbox 334 1092 414 1133; x_wconf 89' lang='lat' dir='ltr'>nune</span> <span class='ocrx_word' id='word_1_67' title='bbox 438 1073 572 1134; x_wconf 91' lang='lat' dir='ltr'>adamato</span> <span class='ocrx_word' id='word_1_68' title='bbox 586 1071 776 1132; x_wconf 91' lang='lat' dir='ltr'>rettulerunt.</span> <span class='ocrx_word' id='word_1_69' title='bbox 811 1072 907 1133; x_wconf 90' lang='lat' dir='ltr'>eidem</span> <span class='ocrx_word' id='word_1_70' title='bbox 920 1081 1020 1133; x_wconf 91' lang='lat' dir='ltr'>tamen</span> <span class='ocrx_word' id='word_1_71' title='bbox 1044 1074 1108 1133; x_wconf 88' lang='lat' dir='ltr'>aliis</span> 
     </span>
     <span class='ocr_line' id='line_1_11' title="bbox 91 1160 1108 1242; baseline 0.002 -21"><span class='ocrx_word' id='word_1_72' title='bbox 91 1162 165 1222; x_wconf 91' lang='lat' dir='ltr'>locis</span> <span class='ocrx_word' id='word_1_73' title='bbox 198 1162 333 1241; x_wconf 86' lang='lat' dir='ltr'>plurimis</span> <span class='ocrx_word' id='word_1_74' title='bbox 362 1181 422 1222; x_wconf 88' lang='lat' dir='ltr'>non</span> <span class='ocrx_word' id='word_1_75' title='bbox 451 1169 615 1242; x_wconf 88' lang='lat' dir='ltr'>potuerunt</span> <span class='ocrx_word' id='word_1_76' title='bbox 643 1179 703 1221; x_wconf 92' lang='lat' dir='ltr'>non</span> <span class='ocrx_word' id='word_1_77' title='bbox 732 1179 893 1239; x_wconf 82' lang='lat' dir='ltr'>agnoscere</span> <span class='ocrx_word' id='word_1_78' title='bbox 917 1160 1108 1223; x_wconf 82' lang='lat' dir='ltr'>librariorum</span> 
     </span>
     <span class='ocr_line' id='line_1_12' title="bbox 91 1249 1108 1330; baseline 0 -20"><span class='ocrx_word' id='word_1_79' title='bbox 91 1251 196 1311; x_wconf 90' lang='lat' dir='ltr'>malam</span> <span class='ocrx_word' id='word_1_80' title='bbox 225 1268 353 1311; x_wconf 91' lang='lat' dir='ltr'>manum.</span> <span class='ocrx_word' id='word_1_81' title='bbox 400 1250 540 1330; x_wconf 88' lang='lat' dir='ltr'>equidem</span> <span class='ocrx_word' id='word_1_82' title='bbox 569 1251 622 1329; x_wconf 93' lang='lat' dir='ltr'>qui</span> <span class='ocrx_word' id='word_1_83' title='bbox 649 1249 725 1309; x_wconf 91' lang='lat' dir='ltr'>bene</span> <span class='ocrx_word' id='word_1_84' title='bbox 756 1249 925 1328; x_wconf 82' lang='lat' dir='ltr'>intellegam</span> <span class='ocrx_word' id='word_1_85' title='bbox 953 1269 1042 1329; x_wconf 89' lang='lat' dir='ltr'>quam</span> <span class='ocrx_word' id='word_1_86' title='bbox 1069 1254 1108 1311; x_wconf 89' lang='lat' dir='ltr'>sit</span> 
     </span>
     <span class='ocr_line' id='line_1_13' title="bbox 91 1338 1107 1420; baseline -0.002 -20"><span class='ocrx_word' id='word_1_87' title='bbox 91 1339 276 1418; x_wconf 90' lang='lat' dir='ltr'>periculosae</span> <span class='ocrx_word' id='word_1_88' title='bbox 308 1338 429 1418; x_wconf 90' lang='lat' dir='ltr'>plenum</span> <span class='ocrx_word' id='word_1_89' title='bbox 462 1358 538 1420; x_wconf 93' lang='lat' dir='ltr'>opus</span> <span class='ocrx_word' id='word_1_90' title='bbox 570 1340 666 1419; x_wconf 78' lang='lat' dir='ltr'>aleae,</span> <span class='ocrx_word' id='word_1_91' title='bbox 698 1341 730 1398; x_wconf 89' lang='lat' dir='ltr'>in</span> <span class='ocrx_word' id='word_1_92' title='bbox 757 1347 817 1399; x_wconf 93' lang='lat' dir='ltr'>tam</span> <span class='ocrx_word' id='word_1_93' title='bbox 846 1338 998 1418; x_wconf 90' lang='lat' dir='ltr'>deplorato</span> <span class='ocrx_word' id='word_1_94' title='bbox 1026 1342 1107 1400; x_wconf 91' lang='lat' dir='ltr'>nnici</span> 
     </span>
     <span class='ocr_line' id='line_1_14' title="bbox 92 1428 1107 1506; baseline 0.001 -19"><span class='ocrx_word' id='word_1_95' title='bbox 92 1447 151 1505; x_wconf 92' lang='lat' dir='ltr'>quo</span> <span class='ocrx_word' id='word_1_96' title='bbox 174 1428 371 1506; x_wconf 85' lang='lat' dir='ltr'>Argonautica</span> <span class='ocrx_word' id='word_1_97' title='bbox 395 1436 521 1488; x_wconf 91' lang='lat' dir='ltr'>aetatem</span> <span class='ocrx_word' id='word_1_98' title='bbox 544 1428 678 1489; x_wconf 91' lang='lat' dir='ltr'>tulerunt</span> <span class='ocrx_word' id='word_1_99' title='bbox 701 1428 812 1488; x_wconf 91' lang='lat' dir='ltr'>codicis</span> <span class='ocrx_word' id='word_1_100' title='bbox 841 1434 920 1488; x_wconf 89' lang='lat' dir='ltr'>statu</span> <span class='ocrx_word' id='word_1_101' title='bbox 943 1428 1107 1488; x_wconf 89' lang='lat' dir='ltr'>diiudicare</span> 
     </span>
     <span class='ocr_line' id='line_1_15' title="bbox 92 1516 1108 1598; baseline 0.001 -23"><span class='ocrx_word' id='word_1_102' title='bbox 92 1535 167 1594; x_wconf 91' lang='lat' dir='ltr'>quac</span> <span class='ocrx_word' id='word_1_103' title='bbox 195 1519 267 1577; x_wconf 88' lang='lat' dir='ltr'>uitia</span> <span class='ocrx_word' id='word_1_104' title='bbox 291 1516 450 1596; x_wconf 84' lang='lat' dir='ltr'>archetypo</span> <span class='ocrx_word' id='word_1_105' title='bbox 475 1536 491 1577; x_wconf 93' lang='lat' dir='ltr'>a</span> <span class='ocrx_word' id='word_1_106' title='bbox 513 1524 602 1596; x_wconf 86' lang='lat' dir='ltr'>poeta</span> <span class='ocrx_word' id='word_1_107' title='bbox 624 1516 744 1598; x_wconf 84' lang='lat' dir='ltr'>relicto,</span> <span class='ocrx_word' id='word_1_108' title='bbox 773 1534 847 1595; x_wconf 90' lang='lat' dir='ltr'>quae</span> <span class='ocrx_word' id='word_1_109' title='bbox 871 1518 1024 1591; x_wconf 87' lang='lat' dir='ltr'>monachis</span> <span class='ocrx_word' id='word_1_110' title='bbox 1048 1519 1108 1576; x_wconf 91' lang='lat' dir='ltr'>sint</span> 
     </span>
     <span class='ocr_line' id='line_1_16' title="bbox 90 1604 1107 1686; baseline 0 -21"><span class='ocrx_word' id='word_1_111' title='bbox 90 1604 263 1686; x_wconf 79' lang='lat' dir='ltr'>tribuenda,</span> <span class='ocrx_word' id='word_1_112' title='bbox 300 1605 373 1665; x_wconf 93' lang='lat' dir='ltr'>nihil</span> <span class='ocrx_word' id='word_1_113' title='bbox 404 1608 498 1684; x_wconf 88' lang='lat' dir='ltr'>magis</span> <span class='ocrx_word' id='word_1_114' title='bbox 532 1605 699 1666; x_wconf 90' lang='lat' dir='ltr'>cauendum</span> <span class='ocrx_word' id='word_1_115' title='bbox 735 1604 806 1665; x_wconf 82' lang='lat' dir='ltr'>duxi</span> <span class='ocrx_word' id='word_1_116' title='bbox 844 1623 932 1684; x_wconf 92' lang='lat' dir='ltr'>quam</span> <span class='ocrx_word' id='word_1_117' title='bbox 968 1609 1107 1666; x_wconf 89' lang='lat' dir='ltr'>uirorum</span> 
     </span>
     <span class='ocr_line' id='line_1_17' title="bbox 90 1693 1106 1774; baseline 0.001 -21"><span class='ocrx_word' id='word_1_118' title='bbox 90 1695 210 1755; x_wconf 90' lang='lat' dir='ltr'>illorum</span> <span class='ocrx_word' id='word_1_119' title='bbox 234 1694 390 1755; x_wconf 90' lang='lat' dir='ltr'>doctorum</span> <span class='ocrx_word' id='word_1_120' title='bbox 413 1697 544 1755; x_wconf 91' lang='lat' dir='ltr'>rationes</span> <span class='ocrx_word' id='word_1_121' title='bbox 567 1693 696 1754; x_wconf 91' lang='lat' dir='ltr'>lubricas</span> <span class='ocrx_word' id='word_1_122' title='bbox 720 1694 907 1774; x_wconf 85' lang='lat' dir='ltr'>fallacesque,</span> <span class='ocrx_word' id='word_1_123' title='bbox 931 1713 999 1755; x_wconf 91' lang='lat' dir='ltr'>cum</span> <span class='ocrx_word' id='word_1_124' title='bbox 1023 1713 1106 1772; x_wconf 90' lang='lat' dir='ltr'>prae-</span> 
     </span>
     <span class='ocr_line' id='line_1_18' title="bbox 91 1782 1107 1862; baseline 0.002 -22"><span class='ocrx_word' id='word_1_125' title='bbox 91 1785 195 1843; x_wconf 88' lang='lat' dir='ltr'>sertim</span> <span class='ocrx_word' id='word_1_126' title='bbox 210 1802 258 1843; x_wconf 91' lang='lat' dir='ltr'>eas</span> <span class='ocrx_word' id='word_1_127' title='bbox 274 1785 354 1843; x_wconf 89' lang='lat' dir='ltr'>omni</span> <span class='ocrx_word' id='word_1_128' title='bbox 374 1802 390 1843; x_wconf 92' lang='lat' dir='ltr'>a</span> <span class='ocrx_word' id='word_1_129' title='bbox 403 1792 489 1862; x_wconf 91' lang='lat' dir='ltr'>parte</span> <span class='ocrx_word' id='word_1_130' title='bbox 504 1783 675 1849; x_wconf 86' lang='lat' dir='ltr'>falsissimas</span> <span class='ocrx_word' id='word_1_131' title='bbox 690 1801 756 1842; x_wconf 90' lang='lat' dir='ltr'>esse</span> <span class='ocrx_word' id='word_1_132' title='bbox 780 1800 957 1861; x_wconf 89' lang='lat' dir='ltr'>persuasum</span> <span class='ocrx_word' id='word_1_133' title='bbox 974 1782 1107 1842; x_wconf 89' lang='lat' dir='ltr'>habeam.</span> 
     </span>
     <span class='ocr_line' id='line_1_19' title="bbox 181 1870 1107 1950; baseline 0 -20"><span class='ocrx_word' id='word_1_134' title='bbox 181 1871 298 1949; x_wconf 88' lang='lat' dir='ltr'>Scripta</span> <span class='ocrx_word' id='word_1_135' title='bbox 322 1890 388 1931; x_wconf 92' lang='lat' dir='ltr'>esse</span> <span class='ocrx_word' id='word_1_136' title='bbox 412 1871 610 1950; x_wconf 80' lang='lat' dir='ltr'>Argonautica</span> <span class='ocrx_word' id='word_1_137' title='bbox 637 1879 700 1930; x_wconf 87' lang='lat' dir='ltr'>tota</span> <span class='ocrx_word' id='word_1_138' title='bbox 728 1871 763 1930; x_wconf 82' lang='lat' dir='ltr'>ed</span> <span class='ocrx_word' id='word_1_139' title='bbox 787 1870 937 1949; x_wconf 81' lang='lat' dir='ltr'>exemplar</span> <span class='ocrx_word' id='word_1_140' title='bbox 961 1871 1107 1931; x_wconf 82' lang='lat' dir='ltr'>Aeneidos</span> 
     </span>
     <span class='ocr_line' id='line_1_20' title="bbox 91 1958 1107 2039; baseline 0.001 -22"><span class='ocrx_word' id='word_1_141' title='bbox 91 1959 275 2037; x_wconf 82' lang='lat' dir='ltr'>Vergilianae</span> <span class='ocrx_word' id='word_1_142' title='bbox 299 1967 403 2020; x_wconf 89' lang='lat' dir='ltr'>notum</span> <span class='ocrx_word' id='word_1_143' title='bbox 427 1968 481 2020; x_wconf 85' lang='lat' dir='ltr'>est.</span> <span class='ocrx_word' id='word_1_144' title='bbox 527 1969 587 2020; x_wconf 90' lang='lat' dir='ltr'>tam</span> <span class='ocrx_word' id='word_1_145' title='bbox 605 1958 771 2039; x_wconf 88' lang='lat' dir='ltr'>prudenter</span> <span class='ocrx_word' id='word_1_146' title='bbox 794 1967 894 2019; x_wconf 90' lang='lat' dir='ltr'>autem</span> <span class='ocrx_word' id='word_1_147' title='bbox 917 1961 1107 2038; x_wconf 86' lang='lat' dir='ltr'>scienterque</span> 
     </span>
     <span class='ocr_line' id='line_1_21' title="bbox 90 2040 1174 2128; baseline 0.001 -21"><span class='ocrx_word' id='word_1_148' title='bbox 90 2047 224 2108; x_wconf 90' lang='lat' dir='ltr'>Valerius</span> <span class='ocrx_word' id='word_1_149' title='bbox 258 2049 293 2108; x_wconf 89' lang='lat' dir='ltr'>ad</span> <span class='ocrx_word' id='word_1_150' title='bbox 325 2048 415 2108; x_wconf 91' lang='lat' dir='ltr'>huius</span> <span class='ocrx_word' id='word_1_151' title='bbox 439 2066 574 2109; x_wconf 88' lang='lat' dir='ltr'>normam</span> <span class='ocrx_word' id='word_1_152' title='bbox 606 2040 693 2109; x_wconf 87' lang='lat' dir='ltr'>suum</span> <span class='ocrx_word' id='word_1_153' title='bbox 725 2066 830 2128; x_wconf 90' lang='lat' dir='ltr'>poema</span> <span class='ocrx_word' id='word_1_154' title='bbox 854 2049 1051 2109; x_wconf 81' lang='lat' dir='ltr'>conformauit</span> <span class='ocrx_word' id='word_1_155' title='bbox 1074 2056 1108 2108; x_wconf 93' lang='lat' dir='ltr'>ut</span> <span class='ocrx_word' id='word_1_156' title='bbox 1168 2060 1174 2073; x_wconf 88' lang='grc'><em>·</em></span> 
     </span>
     <span class='ocr_line' id='line_1_22' title="bbox 89 2138 1107 2216; baseline 0 -20"><span class='ocrx_word' id='word_1_157' title='bbox 89 2138 235 2197; x_wconf 89' lang='lat' dir='ltr'>iudicium</span> <span class='ocrx_word' id='word_1_158' title='bbox 248 2139 362 2216; x_wconf 90' lang='lat' dir='ltr'>pariter</span> <span class='ocrx_word' id='word_1_159' title='bbox 385 2144 474 2216; x_wconf 92' lang='lat' dir='ltr'>atque</span> <span class='ocrx_word' id='word_1_160' title='bbox 498 2139 652 2216; x_wconf 89' lang='lat' dir='ltr'>ingenium</span> <span class='ocrx_word' id='word_1_161' title='bbox 673 2145 779 2216; x_wconf 93' lang='lat' dir='ltr'>poetae</span> <span class='ocrx_word' id='word_1_162' title='bbox 803 2139 1008 2215; x_wconf 89' lang='lat' dir='ltr'>suspiciamus.</span> <span class='ocrx_word' id='word_1_163' title='bbox 1038 2146 1107 2198; x_wconf 92' lang='lat' dir='ltr'>sunt</span> 
     </span>
     <span class='ocr_line' id='line_1_23' title="bbox 90 2225 1106 2304; baseline 0 -20"><span class='ocrx_word' id='word_1_164' title='bbox 90 2234 190 2286; x_wconf 88' lang='lat' dir='ltr'>autem</span> <span class='ocrx_word' id='word_1_165' title='bbox 214 2225 250 2284; x_wconf 92' lang='lat' dir='ltr'>de</span> <span class='ocrx_word' id='word_1_166' title='bbox 274 2225 354 2285; x_wconf 89' lang='lat' dir='ltr'>nulla</span> <span class='ocrx_word' id='word_1_167' title='bbox 377 2226 440 2287; x_wconf 85' lang='lat' dir='ltr'>lere</span> <span class='ocrx_word' id='word_1_168' title='bbox 465 2245 497 2286; x_wconf 90' lang='lat' dir='ltr'>re</span> <span class='ocrx_word' id='word_1_169' title='bbox 522 2244 597 2304; x_wconf 89' lang='lat' dir='ltr'>quae</span> <span class='ocrx_word' id='word_1_170' title='bbox 621 2227 656 2286; x_wconf 96' lang='lat' dir='ltr'>ad</span> <span class='ocrx_word' id='word_1_171' title='bbox 681 2229 818 2303; x_wconf 91' lang='lat' dir='ltr'>antiquos</span> <span class='ocrx_word' id='word_1_172' title='bbox 841 2229 990 2304; x_wconf 88' lang='lat' dir='ltr'>pertineat</span> <span class='ocrx_word' id='word_1_173' title='bbox 1013 2228 1106 2304; x_wconf 89' lang='lat' dir='ltr'>scrip·</span> 
     </span>
     <span class='ocr_line' id='line_1_24' title="bbox 84 2314 1106 2394; baseline 0 -21"><span class='ocrx_word' id='word_1_174' title='bbox 84 2324 169 2374; x_wconf 86' lang='lat' dir='ltr'>tores</span> <span class='ocrx_word' id='word_1_175' title='bbox 193 2321 254 2374; x_wconf 90' lang='lat' dir='ltr'>tam</span> <span class='ocrx_word' id='word_1_176' title='bbox 276 2316 376 2374; x_wconf 90' lang='lat' dir='ltr'>uariae</span> <span class='ocrx_word' id='word_1_177' title='bbox 400 2323 520 2394; x_wconf 90' lang='lat' dir='ltr'>tamque</span> <span class='ocrx_word' id='word_1_178' title='bbox 543 2314 633 2374; x_wconf 83' lang='lat' dir='ltr'>falsae</span> <span class='ocrx_word' id='word_1_179' title='bbox 661 2314 839 2394; x_wconf 90' lang='lat' dir='ltr'>plerumque</span> <span class='ocrx_word' id='word_1_180' title='bbox 854 2317 1009 2394; x_wconf 86' lang='lat' dir='ltr'>opiniones</span> <span class='ocrx_word' id='word_1_181' title='bbox 1032 2315 1106 2374; x_wconf 91' lang='lat' dir='ltr'>latae</span> 
     </span>
     <span class='ocr_line' id='line_1_25' title="bbox 90 2403 1106 2483; baseline -0.001 -20"><span class='ocrx_word' id='word_1_182' title='bbox 90 2421 179 2481; x_wconf 92' lang='lat' dir='ltr'>quam</span> <span class='ocrx_word' id='word_1_183' title='bbox 213 2403 249 2462; x_wconf 92' lang='lat' dir='ltr'>de</span> <span class='ocrx_word' id='word_1_184' title='bbox 283 2405 459 2463; x_wconf 86' lang='lat' dir='ltr'>imitationis</span> <span class='ocrx_word' id='word_1_185' title='bbox 492 2403 591 2464; x_wconf 90' lang='lat' dir='ltr'>studio</span> <span class='ocrx_word' id='word_1_186' title='bbox 624 2404 702 2482; x_wconf 87' lang='lat' dir='ltr'>apud</span> <span class='ocrx_word' id='word_1_187' title='bbox 734 2412 838 2483; x_wconf 91' lang='lat' dir='ltr'>poetas</span> <span class='ocrx_word' id='word_1_188' title='bbox 869 2404 976 2464; x_wconf 92' lang='lat' dir='ltr'>latinos</span> <span class='ocrx_word' id='word_1_189' title='bbox 1009 2403 1106 2463; x_wconf 91' lang='lat' dir='ltr'>obuio.</span> 
     </span>
     <span class='ocr_line' id='line_1_26' title="bbox 89 2491 1107 2571; baseline 0.001 -21"><span class='ocrx_word' id='word_1_190' title='bbox 89 2510 158 2551; x_wconf 89' lang='lat' dir='ltr'>nam</span> <span class='ocrx_word' id='word_1_191' title='bbox 187 2494 212 2550; x_wconf 94' lang='lat' dir='ltr'>si</span> <span class='ocrx_word' id='word_1_192' title='bbox 242 2491 330 2551; x_wconf 93' lang='lat' dir='ltr'>hodie</span> <span class='ocrx_word' id='word_1_193' title='bbox 359 2493 478 2570; x_wconf 87' lang='lat' dir='ltr'>quidam</span> <span class='ocrx_word' id='word_1_194' title='bbox 502 2491 580 2571; x_wconf 90' lang='lat' dir='ltr'>apud</span> <span class='ocrx_word' id='word_1_195' title='bbox 604 2491 678 2553; x_wconf 91' lang='lat' dir='ltr'>duos</span> <span class='ocrx_word' id='word_1_196' title='bbox 703 2491 816 2553; x_wconf 92' lang='lat' dir='ltr'>diuersi</span> <span class='ocrx_word' id='word_1_197' title='bbox 838 2494 981 2571; x_wconf 90' lang='lat' dir='ltr'>temporis</span> <span class='ocrx_word' id='word_1_198' title='bbox 1004 2501 1107 2571; x_wconf 87' lang='lat' dir='ltr'>poetas</span> 
     </span>
     <span class='ocr_line' id='line_1_27' title="bbox 89 2580 1107 2660; baseline 0.001 -21"><span class='ocrx_word' id='word_1_199' title='bbox 89 2599 199 2640; x_wconf 88' lang='lat' dir='ltr'>uersus</span> <span class='ocrx_word' id='word_1_200' title='bbox 227 2580 384 2658; x_wconf 85' lang='lat' dir='ltr'>exaliqua</span> <span class='ocrx_word' id='word_1_201' title='bbox 412 2588 496 2660; x_wconf 90' lang='lat' dir='ltr'>parte</span> <span class='ocrx_word' id='word_1_202' title='bbox 521 2581 632 2642; x_wconf 91' lang='lat' dir='ltr'>similes</span> <span class='ocrx_word' id='word_1_203' title='bbox 660 2584 831 2660; x_wconf 78' lang='lat' dir='ltr'>inueniunt,</span> <span class='ocrx_word' id='word_1_204' title='bbox 858 2581 926 2641; x_wconf 89' lang='lat' dir='ltr'>ilico</span> <span class='ocrx_word' id='word_1_205' title='bbox 955 2590 1107 2641; x_wconf 85' lang='lat' dir='ltr'>auctorem</span> 
     </span>
     <span class='ocr_line' id='line_1_28' title="bbox 90 2668 1107 2749; baseline -0.001 -21"><span class='ocrx_word' id='word_1_206' title='bbox 90 2676 187 2749; x_wconf 69' lang='lat' dir='ltr'>aetate</span> <span class='ocrx_word' id='word_1_207' title='bbox 211 2671 409 2747; x_wconf 89' lang='lat' dir='ltr'>posteriorem</span> <span class='ocrx_word' id='word_1_208' title='bbox 432 2671 612 2748; x_wconf 87' lang='lat' dir='ltr'>excripsisse</span> <span class='ocrx_word' id='word_1_209' title='bbox 637 2672 768 2747; x_wconf 88' lang='lat' dir='ltr'>priorem</span> <span class='ocrx_word' id='word_1_210' title='bbox 798 2669 931 2728; x_wconf 87' lang='lat' dir='ltr'>clamant.</span> <span class='ocrx_word' id='word_1_211' title='bbox 978 2668 1107 2728; x_wconf 89' lang='lat' dir='ltr'>notabile</span> 
     </span>
     <span class='ocr_line' id='line_1_29' title="bbox 88 2756 1106 2836; baseline -0.001 -20"><span class='ocrx_word' id='word_1_212' title='bbox 88 2757 157 2817; x_wconf 91' lang='lat' dir='ltr'>talis</span> <span class='ocrx_word' id='word_1_213' title='bbox 180 2758 389 2836; x_wconf 90' lang='lat' dir='ltr'>peruersitatis</span> <span class='ocrx_word' id='word_1_214' title='bbox 413 2757 580 2835; x_wconf 85' lang='lat' dir='ltr'>exemplum</span> <span class='ocrx_word' id='word_1_215' title='bbox 604 2759 776 2835; x_wconf 90' lang='lat' dir='ltr'>nuperrime</span> <span class='ocrx_word' id='word_1_216' title='bbox 798 2757 937 2835; x_wconf 90' lang='lat' dir='ltr'>praebuit</span> <span class='ocrx_word' id='word_1_217' title='bbox 957 2756 1106 2816; x_wconf 86' lang='lat' dir='ltr'>Schenke·</span> 
     </span>
     <span class='ocr_line' id='line_1_30' title="bbox 88 2845 1107 2926; baseline 0 -22"><span class='ocrx_word' id='word_1_218' title='bbox 88 2846 156 2926; x_wconf 83' lang='lat' dir='ltr'>lius,</span> <span class='ocrx_word' id='word_1_219' title='bbox 181 2848 232 2923; x_wconf 90' lang='lat' dir='ltr'>qui</span> <span class='ocrx_word' id='word_1_220' title='bbox 255 2845 340 2910; x_wconf 90' lang='lat' dir='ltr'>uelut</span> <span class='ocrx_word' id='word_1_221' title='bbox 363 2853 463 2906; x_wconf 90' lang='lat' dir='ltr'>oestro</span> <span class='ocrx_word' id='word_1_222' title='bbox 487 2846 615 2925; x_wconf 91' lang='lat' dir='ltr'>quodam</span> <span class='ocrx_word' id='word_1_223' title='bbox 637 2848 770 2925; x_wconf 90' lang='lat' dir='ltr'>percitus</span> <span class='ocrx_word' id='word_1_224' title='bbox 793 2845 941 2906; x_wconf 91' lang='lat' dir='ltr'>Valerium</span> <span class='ocrx_word' id='word_1_225' title='bbox 970 2855 1107 2906; x_wconf 91' lang='lat' dir='ltr'>nostrum</span> 
     </span>
     <span class='ocr_line' id='line_1_31' title="bbox 87 2933 1106 3013; baseline 0 -20"><span class='ocrx_word' id='word_1_226' title='bbox 87 2937 119 2993; x_wconf 92' lang='lat' dir='ltr'>in</span> <span class='ocrx_word' id='word_1_227' title='bbox 148 2933 251 2994; x_wconf 90' lang='lat' dir='ltr'>uerbis</span> <span class='ocrx_word' id='word_1_228' title='bbox 280 2935 329 2994; x_wconf 92' lang='lat' dir='ltr'>uel</span> <span class='ocrx_word' id='word_1_229' title='bbox 358 2937 521 2995; x_wconf 88' lang='lat' dir='ltr'>tritissimis</span> <span class='ocrx_word' id='word_1_230' title='bbox 545 2934 656 3013; x_wconf 91' lang='lat' dir='ltr'>ubique</span> <span class='ocrx_word' id='word_1_231' title='bbox 681 2937 847 2995; x_wconf 86' lang='lat' dir='ltr'>anteriores</span> <span class='ocrx_word' id='word_1_232' title='bbox 869 2937 1033 2995; x_wconf 88' lang='lat' dir='ltr'>imitatione</span> <span class='ocrx_word' id='word_1_233' title='bbox 1058 2953 1106 2993; x_wconf 83' lang='lat' dir='ltr'>ex·</span> 
     </span>
     <span class='ocr_line' id='line_1_32' title="bbox 88 3023 1107 3102; baseline 0.001 -20"><span class='ocrx_word' id='word_1_234' title='bbox 88 3025 236 3102; x_wconf 89' lang='lat' dir='ltr'>pressisse</span> <span class='ocrx_word' id='word_1_235' title='bbox 262 3025 378 3102; x_wconf 80' lang='lat' dir='ltr'>statuit3</span> <span class='ocrx_word' id='word_1_236' title='bbox 406 3024 500 3084; x_wconf 90' lang='lat' dir='ltr'>ueluti</span> <span class='ocrx_word' id='word_1_237' title='bbox 523 3041 583 3083; x_wconf 90' lang='lat' dir='ltr'>non</span> <span class='ocrx_word' id='word_1_238' title='bbox 607 3023 728 3084; x_wconf 91' lang='lat' dir='ltr'>erubuit</span> <span class='ocrx_word' id='word_1_239' title='bbox 752 3024 933 3084; x_wconf 90' lang='lat' dir='ltr'>contendere</span> <span class='ocrx_word' id='word_1_240' title='bbox 964 3023 1054 3100; x_wconf 89' lang='lat' dir='ltr'>[stud.</span> <span class='ocrx_word' id='word_1_241' title='bbox 1078 3042 1107 3102; x_wconf 87' lang='lat' dir='ltr'>p.</span> 
     </span>
     <span class='ocr_line' id='line_1_33' title="bbox 90 3107 1106 3190; baseline 0 -19"><span class='ocrx_word' id='word_1_242' title='bbox 90 3108 168 3187; x_wconf 77' lang='lat'>102]</span> <span class='ocrx_word' id='word_1_243' title='bbox 194 3110 243 3170; x_wconf 84' lang='lat' dir='ltr'>illa</span> <span class='ocrx_word' id='word_1_244' title='bbox 266 3113 297 3171; x_wconf 90' lang='lat' dir='ltr'>in</span> <span class='ocrx_word' id='word_1_245' title='bbox 321 3111 475 3173; x_wconf 88' lang='lat' dir='ltr'>codicibus</span> <span class='ocrx_word' id='word_1_246' title='bbox 498 3112 606 3172; x_wconf 90' lang='lat' dir='ltr'>tradita</span> <span class='ocrx_word' id='word_1_247' title='bbox 631 3111 667 3188; x_wconf 85' lang='lat' dir='ltr'>[V</span> <span class='ocrx_word' id='word_1_248' title='bbox 684 3108 747 3172; x_wconf 78' lang='lat'>125</span> <span class='ocrx_word' id='word_1_249' title='bbox 771 3112 829 3190; x_wconf 88' lang='lat' dir='ltr'>sq]</span> <span class='ocrx_word' id='word_1_250' title='bbox 855 3107 912 3172; x_wconf 74' lang='lat' dir='ltr'>‘est</span> <span class='ocrx_word' id='word_1_251' title='bbox 936 3132 1014 3173; x_wconf 81' lang='lat' dir='ltr'>uere</span> <span class='ocrx_word' id='word_1_252' title='bbox 1031 3130 1106 3190; x_wconf 85' lang='lat' dir='ltr'>pre-</span> 
     </span>
     <span class='ocr_line' id='line_1_34' title="bbox 84 3195 1106 3281; baseline -0.001 -21"><span class='ocrx_word' id='word_1_253' title='bbox 84 3216 168 3276; x_wconf 71' lang='lat' dir='ltr'>paqo</span> <span class='ocrx_word' id='word_1_254' title='bbox 198 3202 366 3281; x_wconf 78' lang='lat' dir='ltr'>sanguinis,</span> <span class='ocrx_word' id='word_1_255' title='bbox 398 3210 444 3261; x_wconf 92' lang='lat' dir='ltr'>est</span> <span class='ocrx_word' id='word_1_256' title='bbox 477 3201 542 3260; x_wconf 92' lang='lat' dir='ltr'>ollis</span> <span class='ocrx_word' id='word_1_257' title='bbox 571 3203 687 3279; x_wconf 90' lang='lat' dir='ltr'>genitor</span> <span class='ocrx_word' id='word_1_258' title='bbox 715 3195 802 3260; x_wconf 91' lang='lat' dir='ltr'>dens&#39;</span> <span class='ocrx_word' id='word_1_259' title='bbox 833 3203 943 3279; x_wconf 85' lang='lat' dir='ltr'>scripta</span> <span class='ocrx_word' id='word_1_260' title='bbox 976 3220 1042 3261; x_wconf 89' lang='lat' dir='ltr'>esse</span> <span class='ocrx_word' id='word_1_261' title='bbox 1071 3200 1106 3260; x_wconf 92' lang='lat' dir='ltr'>ad</span> 
     </span>
     <span class='ocr_line' id='line_1_35' title="bbox 87 3286 1104 3370; baseline 0.003 -24"><span class='ocrx_word' id='word_1_262' title='bbox 87 3288 258 3367; x_wconf 85' lang='lat' dir='ltr'>exemplum</span> <span class='ocrx_word' id='word_1_263' title='bbox 282 3287 381 3349; x_wconf 87' lang='lat' dir='ltr'>Ouidii</span> <span class='ocrx_word' id='word_1_264' title='bbox 388 3337 397 3370; x_wconf 76' lang='lat'><strong><em>,</em></strong></span> <span class='ocrx_word' id='word_1_265' title='bbox 426 3291 476 3368; x_wconf 92' lang='lat' dir='ltr'>qui</span> <span class='ocrx_word' id='word_1_266' title='bbox 505 3291 536 3348; x_wconf 92' lang='lat' dir='ltr'>in</span> <span class='ocrx_word' id='word_1_267' title='bbox 564 3291 848 3349; x_wconf 80' lang='lat' dir='ltr'>transmutationem</span> <span class='ocrx_word' id='word_1_268' title='bbox 870 3289 936 3348; x_wconf 93' lang='lat' dir='ltr'>libri</span> <span class='ocrx_word' id='word_1_269' title='bbox 962 3289 988 3349; x_wconf 95' lang='lat' dir='ltr'>ll</span> <span class='ocrx_word' id='word_1_270' title='bbox 1011 3310 1040 3349; x_wconf 91' lang='lat' dir='ltr'>u.</span> <span class='ocrx_word' id='word_1_271' title='bbox 1062 3286 1104 3349; x_wconf 87' lang='grc'>38</span> 
     </span>
     <span class='ocr_line' id='line_1_36' title="bbox 86 3369 1107 3455; baseline 0 -19"><span class='ocrx_word' id='word_1_272' title='bbox 86 3377 199 3436; x_wconf 84' lang='lat' dir='ltr'>dixerit</span> <span class='ocrx_word' id='word_1_273' title='bbox 223 3369 294 3455; x_wconf 68' lang='lat' dir='ltr'>‘per&#39;</span> <span class='ocrx_word' id='word_1_274' title='bbox 313 3396 388 3455; x_wconf 89' lang='lat' dir='ltr'>quae</span> <span class='ocrx_word' id='word_1_275' title='bbox 412 3385 463 3438; x_wconf 91' lang='lat' dir='ltr'>tua</span> <span class='ocrx_word' id='word_1_276' title='bbox 487 3397 565 3438; x_wconf 84' lang='lat' dir='ltr'>uere</span> <span class='ocrx_word' id='word_1_277' title='bbox 584 3395 724 3455; x_wconf 70' lang='lat' dir='ltr'>propago</span> <span class='ocrx_word' id='word_1_278' title='bbox 748 3373 874 3437; x_wconf 68' lang='lat' dir='ltr'>credar?</span> <span class='ocrx_word' id='word_1_279' title='bbox 916 3396 1005 3455; x_wconf 88' lang='lat' dir='ltr'>qnam</span> <span class='ocrx_word' id='word_1_280' title='bbox 1028 3380 1107 3438; x_wconf 93' lang='lat' dir='ltr'>enim</span> 
     </span>
     <span class='ocr_line' id='line_1_37' title="bbox 85 3465 1110 3544; baseline -0.003 -20"><span class='ocrx_word' id='word_1_281' title='bbox 85 3469 223 3544; x_wconf 91' lang='lat' dir='ltr'>ineptum</span> <span class='ocrx_word' id='word_1_282' title='bbox 238 3468 276 3526; x_wconf 92' lang='lat' dir='ltr'>sit</span> <span class='ocrx_word' id='word_1_283' title='bbox 299 3466 372 3526; x_wconf 92' lang='lat' dir='ltr'>locis</span> <span class='ocrx_word' id='word_1_284' title='bbox 396 3486 412 3527; x_wconf 93' lang='lat' dir='ltr'>a</span> <span class='ocrx_word' id='word_1_285' title='bbox 436 3469 584 3526; x_wconf 90' lang='lat' dir='ltr'>sententia</span> <span class='ocrx_word' id='word_1_286' title='bbox 607 3470 687 3526; x_wconf 94' lang='lat' dir='ltr'>inter</span> <span class='ocrx_word' id='word_1_287' title='bbox 710 3485 742 3526; x_wconf 93' lang='lat' dir='ltr'>se</span> <span class='ocrx_word' id='word_1_288' title='bbox 757 3465 961 3526; x_wconf 85' lang='lat' dir='ltr'>dissimillimis</span> <span class='ocrx_word' id='word_1_289' title='bbox 983 3474 1110 3541; x_wconf 67' lang='lat' dir='ltr'>prepter</span> 
     </span>
     <span class='ocr_line' id='line_1_38' title="bbox 85 3550 1141 3637; baseline -0.009 -27"><span class='ocrx_word' id='word_1_290' title='bbox 85 3555 215 3614; x_wconf 73' lang='lat' dir='ltr'>‹tnotnm</span> <span class='ocrx_word' id='word_1_291' title='bbox 247 3554 465 3617; x_wconf 84' lang='lat' dir='ltr'>uocabulorum</span> <span class='ocrx_word' id='word_1_292' title='bbox 492 3555 781 3637; x_wconf 71' lang='lat' dir='ltr'>ttolgatissimornm</span> <span class='ocrx_word' id='word_1_293' title='bbox 805 3550 1051 3613; x_wconf 52' lang='lat' dir='ltr'>§umidissimum</span> <span class='ocrx_word' id='word_1_294' title='bbox 1076 3551 1141 3595; x_wconf 56' lang='lat' dir='ltr'>sss·</span> 
     </span>
    </p>
   </div>
   <div class='ocr_carea' id='block_1_3' title="bbox 0 0 1196 3878">
    <p class='ocr_par' dir='ltr' id='par_1_3' title="bbox 0 0 1196 3878">
     <span class='ocr_line' id='line_1_39' title="bbox 0 0 1196 3878; baseline 0 0"><span class='ocrx_word' id='word_1_295' title='bbox 0 0 1196 3878; x_wconf 95' lang='lat' dir='ltr'> </span> 
     </span>
    </p>
   </div>
  </div>
 </body>
</html>
