2384 3878
360 167 652 226 anoousumcou
670 169 780 225 LIBER
797 169 844 225 Ν.
1069 169 1109 235 71

92 317 221 379 brachia.
268 321 313 380 sic
336 319 441 398 ingens
464 319 549 380 Asiae
572 318 657 401 plaga
679 321 790 399 quique
813 337 868 399 per
891 327 994 381 arcton
1112 339 1116 352 ¹

92 407 199 468 dexter
222 413 252 468 et
274 409 306 468 in
328 407 447 468 laeuum
469 416 579 488 pontus
602 411 679 469 iacet
701 409 774 469 haec
797 427 863 470 mea
886 410 957 470 uisit

91 495 233 577 hospitia3
257 496 314 557 hoc
337 498 434 557 iuncti
456 505 591 559 remeent
614 500 776 559 certamine
800 515 895 577 reges.

90 585 289 665 iampridem
312 594 432 647 caestus
454 586 571 647 resides
594 594 624 648 et
646 587 752 665 frigida
775 589 851 647 raris

90 672 230 745 dentibus
253 683 317 735 aret
339 673 457 736 humus.
504 677 571 754 quis
594 693 713 737 mecum
736 675 857 737 foedera
880 672 1004 754 iunget?
1054 687 1106 736 215

88 766 185 843 prima
208 781 296 824 manu
320 766 369 824 cui
391 763 468 824 dona
491 761 606 825 ieram?
629 783 697 825 mox
720 763 859 826 omnibus
882 764 963 825 idem

89 851 144 913 ibit
166 852 269 914 honos.
315 853 385 932 iuga
407 852 463 912 sub
486 861 597 934 terras,
620 854 689 933 luga
712 853 792 913 nulla
815 871 869 933 per
892 871 988 914 auras.

90 959 147 1001 nec
171 941 309 1002 lacrimae
332 935 386 1024 (ne
409 942 485 1002 lerte
508 934 630 1024 preces)
654 945 795 1021 superine
817 945 917 1003 uocati

89 1036 212 1109 pectora
235 1038 337 1091 nostra
360 1037 495 1110 mouent3
519 1030 584 1090 aliis
607 1049 660 1090 rex
683 1030 817 1111 luppiter
839 1033 908 1090 oris.

88 1119 156 1178 laxo
174 1117 352 1199 Bebrycium
375 1127 504 1198 nequeat
525 1118 739 1180 transcendere
761 1120 870 1199 puppis
1055 1133 1107 1181 220

89 1206 149 1267 ulla
173 1208 284 1268 fretum
307 1215 337 1268 et
359 1215 450 1287 ponto
474 1207 579 1269 uolitet
598 1206 770 1288 Symplegas
792 1202 892 1269 inani'
964 1226 967 1231 ’

134 1295 215 1356 Talia
238 1296 317 1357 dicta
335 1295 435 1376 dabat,
458 1314 528 1357 cum
549 1299 687 1376 protinus
710 1315 797 1377 asper
820 1297 930 1376 lason¹

92 1393 124 1446 et
147 1383 236 1445 simul
259 1383 403 1446 Aeacidae
426 1384 515 1445 simul
537 1393 568 1445 et
591 1384 747 1465 Calydonis
770 1385 882 1446 alumni

89 1473 271 1552 Nelidaeque
295 1472 421 1552 Idasque
444 1475 527 1553 prior
549 1491 626 1553 quae
649 1475 774 1534 maxima
797 1480 924 1553 surgunt

89 1564 223 1643 nomina3
247 1562 300 1623 sed
322 1562 403 1623 nudo
427 1570 552 1623 steterat
573 1564 632 1623 iam
654 1570 777 1643 pectore
800 1562 913 1623 Pollux.
1053 1576 1105 1622 225

87 1659 153 1711 tum
175 1669 269 1730 pauor
293 1658 324 1712 et
346 1651 460 1730 gelidus
483 1650 586 1712 delinit
608 1651 730 1712 Castora
753 1653 882 1731 sanguis.

87 1757 158 1800 nam
180 1758 235 1800 nec
259 1739 294 1800 ad
317 1738 382 1800 Elei
403 1758 534 1820 pugnam
555 1738 639 1800 uidet
661 1757 713 1800 ora
735 1742 878 1819 parentis,

86 1845 144 1891 uec
168 1835 252 1889 sonat
271 1827 410 1888 Oebalius
429 1845 537 1890 caueae
560 1828 645 1889 lauor
668 1828 704 1888 ad
727 1829 795 1907 iuga
817 1834 887 1887 nota
986 1854 990 1866 ·

85 1917 221 1998 Taygeti,
244 1918 360 1995 rapitur
381 1919 493 1996 patrios
516 1916 569 1977 uhi
591 1917 689 1978 uictor
712 1916 748 1977 ad
771 1934 882 1995 amnes,

85 2023 144 2066 nec
166 2008 297 2084 pretium
320 2007 439 2086 sonipes
462 2013 513 2067 aut
535 2023 637 2066 sacrae
658 2012 764 2067 taurus
787 2005 925 2085 harenae,
1052 2018 1104 2066 230

84 2096 218 2175 praemia
241 2094 293 2155 sed
316 2112 418 2155 manes
440 2094 617 2174 reclusaque
640 2096 728 2155 ianua
750 2093 810 2155 leti.

85 2182 170 2244 illum
193 2182 321 2263 Amycus
342 2201 400 2243 nec
423 2184 521 2245 fronte
543 2191 661 2244 trucem
684 2201 740 2244 nec
763 2183 840 2243 mole
863 2181 1052 2242 tremendum

86 2271 211 2333 uixdum
234 2275 323 2334 etiam
345 2273 457 2352 primae
481 2279 670 2351 spargentem
693 2273 776 2350 signa
798 2272 939 2332 iuuentae

85 2378 141 2420 ore
164 2360 313 2421 renidenti
335 2360 466 2422 lustrans
489 2359 553 2422 obit
575 2369 605 2421 ot
628 2361 730 2421 fremit
753 2378 868 2440 ausum,

85 2451 325 2528 sanguineosque
348 2457 427 2511 rotat
449 2451 536 2511 iuriis
555 2448 730 2510 ardentibus
753 2449 850 2510 orbes.
1049 2461 1101 2509 235

86 2556 149 2597 non
172 2538 258 2599 aliter
281 2541 340 2599 iam
362 2556 453 2617 regna
474 2537 548 2618 poli,
570 2540 630 2598 iam
652 2545 737 2618 capta
760 2537 918 2617 Typhoeus

88 2635 169 2688 astra
192 2627 292 2687 ferens
315 2625 465 2686 Bacchum
488 2632 556 2686 ante
580 2627 659 2686 acies
681 2627 867 2705 primamque
890 2625 1014 2685 deorum

89 2713 205 2776 Pallada
230 2723 260 2776 et
283 2716 435 2795 oppositos
458 2712 553 2775 doluit
576 2713 633 2774 sihi
654 2714 782 2792 uirginis
805 2731 925 2793 angues.

87 2805 132 2863 sic
155 2803 229 2865 adeo
252 2805 421 2884 insequitur
443 2802 608 2881 rabidoque
630 2803 671 2863 ita
694 2819 847 2863 murmure
871 2809 978 2863 terret:

86 2887 235 2972 ‘quisquis
259 2911 306 2973 es,
328 2893 430 2953 infelix
453 2891 550 2953 celera
572 2910 662 2972 puer3
685 2892 758 2952 haut
780 2890 835 2952 tihi
857 2890 998 2971 pulchrae
1050 2902 1108 2951 sto

87 2983 232 3042 manserit
253 2980 311 3042 hoc
334 2980 413 3042 ultra
436 2981 544 3042 irontis
566 2981 660 3042 decus
682 2998 773 3041 oraue
795 2982 885 3041 matri

87 3076 158 3130 nota
180 3071 268 3131 iores.
312 3079 399 3151 tune,
422 3087 441 3129 o
464 3071 552 3130 sociis
576 3068 689 3130 electus
711 3070 832 3150 iniquis,

85 3166 160 3219 tune
183 3158 285 3238 Amyci
307 3160 435 3219 moriere
458 3153 581 3219 manui’
605 3175 660 3217 nec
683 3156 768 3237 plura
791 3164 924 3217 moratus

86 3249 224 3326 ingentes
246 3263 367 3308 umeros
391 3249 578 3327 spatiosaque
601 3248 733 3325 pectoris
756 3263 823 3306 ossa

86 3335 212 3415 protulit
234 3335 458 3416 horrendosque
481 3337 555 3397 toris
578 3333 756 3396 informibus
778 3342 870 3395 artus.
1050 3347 1103 3398 245

86 3423 231 3485 deliciunt
253 3425 322 3486 uisu
344 3424 472 3505 Minyae,
494 3426 621 3486 miratur
644 3431 674 3485 et
696 3425 761 3503 ipse

87 3511 286 3594 Tyndaridem
308 3513 386 3575 redit
409 3512 527 3574 Alcidae
550 3515 610 3576 iam
631 3530 701 3574 sora
721 3510 833 3593 cupido
