2384 3878
83 185 127 249 34
426 182 455 240 Ο.
474 183 613 238 VALERI
630 182 760 239 Pulcer

83 337 179 414 surgit
202 342 236 394 ut
259 333 373 394 auditas
396 334 532 393 referens
554 335 586 392 in
608 334 725 411 gurgite
748 351 848 394 uoces.

84 418 216 503 ‘portum
239 417 356 483 demus'
380 424 432 502 ait,
456 417 540 482 ‘hacc
563 419 698 502 dextere,
722 421 848 501 credite,
870 422 984 501 puppis

84 513 205 574 aduenit
228 520 258 572 et
280 510 386 572 melior
408 509 521 570 Lemno
544 510 618 570 deus
642 528 771 589 aequore
794 510 877 571 flexit

83 602 142 662 huc
165 601 290 680 Minyas3
314 598 413 659 Venus
436 601 501 677 ipsa
524 599 628 659 uolens
652 599 701 661 dat
725 617 850 678 corpora
871 599 967 680 iungi,

84 692 155 752 dum
177 693 260 750 uires
283 696 370 749 utero
394 695 587 766 maternaque
611 689 721 748 suflicit
744 684 844 748 aetas?
1050 698 1104 750 att

84 780 162 840 diota
184 778 303 857 placent
324 784 483 856 portatque
505 795 612 856 preces
635 776 671 836 ad
693 777 781 837 litora
805 776 889 838 Grais

83 867 220 947 Iphinoe,
242 884 299 927 neo
322 865 410 927 turba
433 883 544 926 nocens
568 864 750 943 scelerisque
772 867 904 927 recentis

84 959 167 1036 signa
190 963 326 1036 mouent,
348 954 484 1033 tollitque
504 955 562 1014 loci
586 953 731 1033 Cytherea
754 957 900 1016 timorem.

435 1076 630 1156 *³3*

83 1206 221 1285 protinus
244 1205 395 1281 ingentem
417 1220 577 1280 procerum
600 1201 656 1262 suh
679 1203 799 1261 nornine
823 1208 943 1263 taurum

85 1294 188 1373 deicit,
210 1293 336 1352 insuetis
360 1298 390 1352 et
411 1293 470 1351 iam
492 1292 541 1369 pia
562 1309 687 1351 munera
710 1288 828 1368 templis
1048 1303 1100 1354 ³80

84 1382 182 1443 reddit
205 1388 236 1441 et
257 1380 312 1441 hac
335 1381 431 1459 prima
453 1378 577 1439 Veneris
601 1379 677 1440 calet
700 1397 750 1439 111
772 1380 909 1440 iuuenca.

129 1487 257 1548 Ventum
279 1494 343 1546 erat
366 1486 402 1546 ad
425 1504 546 1565 rupem,
568 1488 655 1545 cuius
677 1485 837 1564 pendentia
855 1485 949 1563 nigris

84 1578 200 1637 sumant
222 1594 291 1636 5111
313 1576 390 1652 iugis
414 1575 612 1654 coquiturque
636 1573 799 1652 uaporibus
822 1591 881 1633 111.

85 1664 220 1726 substitit
242 1662 418 1742 Aesonides,
442 1663 537 1740 adque
560 1663 609 1721 hic
632 1665 735 1740 regina
756 1663 874 1742 precari

84 1753 221 1814 hortatur
244 1768 407 1829 causasque
431 1751 542 1812 docens
566 1745 650 1811 ‘haec
673 1758 758 1811 antra
781 1750 889 1811 uidetis
1048 1761 1100 1813 tut

85 1837 279 1920 Vulcanique’
303 1843 344 1902 ait
367 1835 447 1902 ‘ecoe
472 1840 589 1901 domos:
613 1840 679 1900 date
702 1842 773 1900 uina
795 1855 971 1918 precesque.

84 1932 209 1992 forsitan
233 1930 270 1989 ob
294 1948 413 1990 sacrum
433 1937 529 1990 taceat
550 1931 609 1989 iam
631 1929 745 1989 fulmen
766 1931 799 1988 iu
821 1935 920 2007 antro;

84 2037 144 2079 nor
168 2017 249 2079 dabit
271 2021 335 2097 ipsa
359 2017 460 2078 fidem:
484 2017 600 2078 clausae
624 2026 688 2078 tum
710 2035 864 2078 murmura
886 2015 1031 2098 flammae,

85 2108 209 2188 hospes,
232 2114 263 2167 et
285 2109 422 2167 incussae
446 2107 578 2166 sonitum
599 2105 746 2166 mirabere
770 2099 904 2166 massae?

84 2199 201 2258 moenia
224 2203 289 2257 tum
310 2198 452 2274 uiresque
475 2193 533 2255 loci
556 2202 735 2273 ueteresque
758 2202 917 2274 parentum
1047 2205 1101 2256 341)

85 2287 174 2345 iactat
197 2303 277 2364 opes,
324 2284 430 2344 mediis
453 2283 579 2344 famulae
603 2285 742 2344 conuiuia
765 2285 852 2345 tectis

86 2373 260 2452 expediunt,
284 2371 373 2452 Tyrio
397 2370 497 2432 uibrat
519 2380 604 2432 torus
626 2375 733 2450 igneus
756 2381 846 2432 ostro.

85 2470 143 2521 stat
166 2479 301 2522 maerens
325 2469 428 2520 atauos
451 2479 537 2538 reges
560 2478 706 2540 regesque
730 2463 851 2520 maritos

85 2550 230 2611 Thraessa
254 2568 373 2630 manus,
397 2567 602 2627 quaecumque
626 2549 705 2610 laces
729 2552 863 2610 timuisse
887 2546 1001 2628 iugales

85 2640 198 2701 credita
220 2658 276 2699 nec
300 2639 435 2699 dominae
459 2647 594 2699 sanctum
618 2640 750 2717 tetigisse
774 2637 880 2698 cubile.
1047 2648 1102 2700 att

84 2730 143 2789 iam
166 2729 297 2789 medium
319 2727 494 2807 Aesonides,
517 2730 575 2788 iam
599 2746 630 2787 51
653 2729 756 2806 regina
778 2727 896 2807 locauit,

59 2854 61 2859 ·
84 2824 153 2895 post
175 2817 224 2876 alii
247 2834 402 2895 proceres3
427 2818 519 2875 sacris
542 2815 613 2876 dum
637 2818 769 2877 uincitur
793 2817 868 2877 extis

84 2908 180 2984 prima
203 2905 307 2984 sames,
331 2906 445 2963 circum
467 2906 578 2982 pateris
601 2905 626 2963 it
647 2903 781 2965 Bacchus
806 2913 836 2965 et
858 2904 955 2965 omnis

85 2993 150 3054 aula
174 2992 253 3073 silet3
277 2991 401 3072 dapibus
427 2994 541 3071 coeptis
564 3011 632 3053 mox
655 3000 789 3073 tempora
812 2993 919 3054 fallunt

84 3083 182 3141 noctis
205 3089 235 3142 11
258 3083 288 3141 in
313 3099 393 3141 seras
418 3081 526 3141 dmant
548 3081 736 3142 sermonibus
759 3081 889 3142 1111111115.
1049 3093 1104 3145 tto

84 3172 305 3249 praecipueque
329 3171 413 3231 ducis
437 3189 523 3230 casus
547 3173 652 3231 mirata
675 3172 803 3251 requirit

84 3257 257 3339 Hypsipyle,
280 3277 339 3337 quo
363 3260 421 3319 lata
445 3259 575 3340 trahant,
599 3277 673 3337 quae
697 3261 777 3338 regis
801 3267 867 3338 agat
889 3260 946 3341 uis,

85 3356 136 3408 aut
159 3347 237 3425 unde
260 3347 438 3408 Haemoniae
462 3348 571 3408 molem
592 3351 678 3409 ratis:
702 3351 791 3409 unius
814 3348 918 3408 haeret

85 3436 222 3515 adloquio
247 3444 278 3496 et
300 3435 423 3497 blandos
445 3436 587 3516 paulatim
610 3437 723 3516 colligit
743 3439 829 3516 ignes

72 3526 138 3584 iam
158 3544 222 3586 nou
246 3526 320 3586 dura
345 3528 419 3587 toris
442 3525 550 3587 Veneri
573 3545 629 3588 nec
652 3528 754 3606 iniqua
776 3543 925 3589 reuersae.
1048 3535 1104 3588 act
