<?xml version="1.0" encoding="UTF-8"?>
<!DOCTYPE html PUBLIC "-//W3C//DTD XHTML 1.0 Transitional//EN"
    "http://www.w3.org/TR/xhtml1/DTD/xhtml1-transitional.dtd">
<html xmlns="http://www.w3.org/1999/xhtml" xml:lang="en" lang="en">
 <head>
  <title>
</title>
<meta http-equiv="Content-Type" content="text/html;charset=utf-8" />
  <meta name='ocr-system' content='tesseract 3.04.00' />
  <meta name='ocr-capabilities' content='ocr_page ocr_carea ocr_par ocr_line ocrx_word'/>
</head>
<body>
  <div class='ocr_page' id='page_1' title='image "./cvaleriflaccise01flacgoog_0126.png"; bbox 0 0 2384 3878; ppageno 0'>
   <div class='ocr_carea' id='block_1_1' title="bbox 352 181 1100 249">
    <p class='ocr_par' dir='ltr' id='par_1_1' title="bbox 352 181 1100 249">
     <span class='ocr_line' id='line_1_1' title="bbox 352 181 1100 249; baseline 0.003 -13"><span class='ocrx_word' id='word_1_1' title='bbox 352 181 643 238; x_wconf 80' lang='lat' dir='ltr'>ARGONAUTICON</span> <span class='ocrx_word' id='word_1_2' title='bbox 662 182 770 237; x_wconf 81' lang='lat' dir='ltr'><strong>LIBER</strong></span> <span class='ocrx_word' id='word_1_3' title='bbox 788 184 835 238; x_wconf 89' lang='grc' dir='ltr'>ΙΙΙ,</span> <span class='ocrx_word' id='word_1_4' title='bbox 1059 185 1100 249; x_wconf 83' lang='grc'>61</span> 
     </span>
    </p>
   </div>
   <div class='ocr_carea' id='block_1_2' title="bbox 84 327 1112 3609">
    <p class='ocr_par' dir='ltr' id='par_1_2' title="bbox 85 327 956 414">
     <span class='ocr_line' id='line_1_2' title="bbox 85 327 956 414; baseline 0 -22"><span class='ocrx_word' id='word_1_5' title='bbox 85 327 116 392; x_wconf 77' lang='lat' dir='ltr'>‘o</span> <span class='ocrx_word' id='word_1_6' title='bbox 140 335 268 412; x_wconf 84' lang='lat' dir='ltr'>utinam,</span> <span class='ocrx_word' id='word_1_7' title='bbox 293 329 440 410; x_wconf 80' lang='lat' dir='ltr'>Scythicis</span> <span class='ocrx_word' id='word_1_8' title='bbox 463 339 613 392; x_wconf 80' lang='lat' dir='ltr'><strong>struerem</strong></span> <span class='ocrx_word' id='word_1_9' title='bbox 636 349 706 392; x_wconf 89' lang='lat' dir='ltr'>oum</span> <span class='ocrx_word' id='word_1_10' title='bbox 728 332 834 393; x_wconf 86' lang='lat' dir='ltr'>lunera</span> <span class='ocrx_word' id='word_1_11' title='bbox 857 335 956 414; x_wconf 88' lang='lat' dir='ltr'>terris,</span> 
     </span>
    </p>

    <p class='ocr_par' dir='ltr' id='par_1_3' title="bbox 85 419 824 501">
     <span class='ocr_line' id='line_1_3' title="bbox 85 419 824 501; baseline 0 -20"><span class='ocrx_word' id='word_1_12' title='bbox 85 439 145 481; x_wconf 87' lang='lat' dir='ltr'>uox</span> <span class='ocrx_word' id='word_1_13' title='bbox 169 419 242 480; x_wconf 89' lang='lat' dir='ltr'>mihi</span> <span class='ocrx_word' id='word_1_14' title='bbox 264 421 404 480; x_wconf 89' lang='lat' dir='ltr'>mentitas</span> <span class='ocrx_word' id='word_1_15' title='bbox 428 419 531 481; x_wconf 89' lang='lat' dir='ltr'>tulerit</span> <span class='ocrx_word' id='word_1_16' title='bbox 553 419 694 480; x_wconf 87' lang='lat' dir='ltr'>Parnasia</span> <span class='ocrx_word' id='word_1_17' title='bbox 718 428 824 501; x_wconf 86' lang='lat' dir='ltr'>sortes,</span> 
     </span>
    </p>

    <p class='ocr_par' dir='ltr' id='par_1_4' title="bbox 85 509 866 588">
     <span class='ocr_line' id='line_1_4' title="bbox 85 509 866 588; baseline 0 -18"><span class='ocrx_word' id='word_1_18' title='bbox 85 511 201 588; x_wconf 80' lang='lat' dir='ltr'><strong>agmine</strong></span> <span class='ocrx_word' id='word_1_19' title='bbox 226 509 369 570; x_wconf 77' lang='lat' dir='ltr'>decanto</span> <span class='ocrx_word' id='word_1_20' title='bbox 393 509 508 569; x_wconf 88' lang='lat' dir='ltr'>socium</span> <span class='ocrx_word' id='word_1_21' title='bbox 532 511 584 588; x_wconf 91' lang='lat' dir='ltr'>qni</span> <span class='ocrx_word' id='word_1_22' title='bbox 607 511 753 571; x_wconf 83' lang='lat' dir='ltr'>maximus</span> <span class='ocrx_word' id='word_1_23' title='bbox 776 512 866 570; x_wconf 89' lang='lat' dir='ltr'>armis</span> 
     </span>
    </p>

    <p class='ocr_par' dir='ltr' id='par_1_5' title="bbox 84 595 844 677">
     <span class='ocr_line' id='line_1_5' title="bbox 84 595 844 677; baseline 0.003 -21"><span class='ocrx_word' id='word_1_24' title='bbox 84 598 215 677; x_wconf 82' lang='lat' dir='ltr'><strong>adforet,</strong></span> <span class='ocrx_word' id='word_1_25' title='bbox 238 597 319 659; x_wconf 92' lang='lat' dir='ltr'>hunc</span> <span class='ocrx_word' id='word_1_26' title='bbox 342 595 422 657; x_wconf 93' lang='lat' dir='ltr'>louis</span> <span class='ocrx_word' id='word_1_27' title='bbox 445 599 578 676; x_wconf 88' lang='lat' dir='ltr'>imperiis</span> <span class='ocrx_word' id='word_1_28' title='bbox 602 598 721 677; x_wconf 89' lang='lat' dir='ltr'>latoque</span> <span class='ocrx_word' id='word_1_29' title='bbox 745 600 844 660; x_wconf 89' lang='lat' dir='ltr'>teneri</span> 
     </span>
    </p>

    <p class='ocr_par' dir='ltr' id='par_1_6' title="bbox 86 685 871 768">
     <span class='ocr_line' id='line_1_6' title="bbox 86 685 871 768; baseline 0.001 -22"><span class='ocrx_word' id='word_1_30' title='bbox 86 695 155 747; x_wconf 89' lang='lat' dir='ltr'>ante</span> <span class='ocrx_word' id='word_1_31' title='bbox 178 685 379 765; x_wconf 88' lang='lat' dir='ltr'>procellosum</span> <span class='ocrx_word' id='word_1_32' title='bbox 402 685 534 766; x_wconf 91' lang='lat' dir='ltr'>scopulis</span> <span class='ocrx_word' id='word_1_33' title='bbox 557 686 727 749; x_wconf 90' lang='lat' dir='ltr'>errantibus</span> <span class='ocrx_word' id='word_1_34' title='bbox 751 705 871 768; x_wconf 90' lang='lat' dir='ltr'>aequor.</span> 
     </span>
    </p>

    <p class='ocr_par' dir='ltr' id='par_1_7' title="bbox 86 775 912 855">
     <span class='ocr_line' id='line_1_7' title="bbox 86 775 912 855; baseline 0.005 -22"><span class='ocrx_word' id='word_1_35' title='bbox 86 775 161 835; x_wconf 91' lang='lat' dir='ltr'>haec</span> <span class='ocrx_word' id='word_1_36' title='bbox 183 782 248 836; x_wconf 90' lang='lat' dir='ltr'>tum</span> <span class='ocrx_word' id='word_1_37' title='bbox 271 775 360 855; x_wconf 82' lang='lat' dir='ltr'>lama3</span> <span class='ocrx_word' id='word_1_38' title='bbox 383 777 443 836; x_wconf 91' lang='lat' dir='ltr'>uiri</span> <span class='ocrx_word' id='word_1_39' title='bbox 466 793 521 836; x_wconf 86' lang='lat' dir='ltr'>nco</span> <span class='ocrx_word' id='word_1_40' title='bbox 545 777 657 836; x_wconf 78' lang='lat' dir='ltr'>certior</span> <span class='ocrx_word' id='word_1_41' title='bbox 679 777 777 838; x_wconf 82' lang='lat' dir='ltr'>extitit</span> <span class='ocrx_word' id='word_1_42' title='bbox 799 784 912 837; x_wconf 77' lang='lat' dir='ltr'>auctor.</span> 
     </span>
    </p>

    <p class='ocr_par' dir='ltr' id='par_1_8' title="bbox 86 862 975 1036">
     <span class='ocr_line' id='line_1_8' title="bbox 86 862 975 946; baseline 0.003 -23"><span class='ocrx_word' id='word_1_43' title='bbox 86 881 194 924; x_wconf 92' lang='lat' dir='ltr'>uerum</span> <span class='ocrx_word' id='word_1_44' title='bbox 217 865 294 943; x_wconf 88' lang='lat' dir='ltr'>agite</span> <span class='ocrx_word' id='word_1_45' title='bbox 318 871 361 944; x_wconf 89' lang='lat' dir='ltr'>et,</span> <span class='ocrx_word' id='word_1_46' title='bbox 385 862 484 924; x_wconf 88' lang='lat' dir='ltr'>duhiis</span> <span class='ocrx_word' id='word_1_47' title='bbox 507 866 625 924; x_wconf 89' lang='lat' dir='ltr'>uariant</span> <span class='ocrx_word' id='word_1_48' title='bbox 648 867 717 944; x_wconf 92' lang='lat' dir='ltr'>quia</span> <span class='ocrx_word' id='word_1_49' title='bbox 739 872 862 945; x_wconf 83' lang='lat' dir='ltr'>pectora</span> <span class='ocrx_word' id='word_1_50' title='bbox 885 867 975 946; x_wconf 89' lang='lat' dir='ltr'>curis,</span> 
     </span>
     <span class='ocr_line' id='line_1_9' title="bbox 87 951 904 1036; baseline 0.002 -24"><span class='ocrx_word' id='word_1_51' title='bbox 87 951 234 1014; x_wconf 89' lang='lat' dir='ltr'>consulite</span> <span class='ocrx_word' id='word_1_52' title='bbox 258 961 301 1033; x_wconf 86' lang='lat' dir='ltr'>ct,</span> <span class='ocrx_word' id='word_1_53' title='bbox 323 954 413 1013; x_wconf 92' lang='lat' dir='ltr'>motis</span> <span class='ocrx_word' id='word_1_54' title='bbox 437 971 491 1013; x_wconf 93' lang='lat' dir='ltr'>sen</span> <span class='ocrx_word' id='word_1_55' title='bbox 513 971 569 1013; x_wconf 91' lang='lat' dir='ltr'>nos</span> <span class='ocrx_word' id='word_1_56' title='bbox 592 954 642 1013; x_wconf 91' lang='lat' dir='ltr'>uia</span> <span class='ocrx_word' id='word_1_57' title='bbox 663 952 783 1014; x_wconf 87' lang='lat' dir='ltr'>llatihus</span> <span class='ocrx_word' id='word_1_58' title='bbox 807 961 904 1036; x_wconf 87' lang='lat' dir='ltr'>urget,</span> 
     </span>
    </p>

    <p class='ocr_par' dir='ltr' id='par_1_9' title="bbox 86 1040 872 1124">
     <span class='ocr_line' id='line_1_10' title="bbox 86 1040 872 1124; baseline 0.001 -23"><span class='ocrx_word' id='word_1_59' title='bbox 86 1042 202 1120; x_wconf 85' lang='lat' dir='ltr'>pergite</span> <span class='ocrx_word' id='word_1_60' title='bbox 226 1049 257 1102; x_wconf 89' lang='lat' dir='ltr'>et</span> <span class='ocrx_word' id='word_1_61' title='bbox 279 1044 415 1121; x_wconf 88' lang='lat' dir='ltr'>inceptos</span> <span class='ocrx_word' id='word_1_62' title='bbox 438 1059 556 1103; x_wconf 88' lang='lat' dir='ltr'>mecum</span> <span class='ocrx_word' id='word_1_63' title='bbox 579 1050 719 1103; x_wconf 89' lang='lat' dir='ltr'>reuocate</span> <span class='ocrx_word' id='word_1_64' title='bbox 742 1040 872 1124; x_wconf 88' lang='lat' dir='ltr'>labores;</span> 
     </span>
    </p>

    <p class='ocr_par' dir='ltr' id='par_1_10' title="bbox 87 1129 1049 1387">
     <span class='ocr_line' id='line_1_11' title="bbox 87 1129 921 1212; baseline 0.005 -24"><span class='ocrx_word' id='word_1_65' title='bbox 87 1148 142 1189; x_wconf 92' lang='lat' dir='ltr'>seu</span> <span class='ocrx_word' id='word_1_66' title='bbox 164 1129 259 1209; x_wconf 90' lang='lat' dir='ltr'>pluris</span> <span class='ocrx_word' id='word_1_67' title='bbox 282 1129 410 1191; x_wconf 81' lang='lat' dir='ltr'>tolerare</span> <span class='ocrx_word' id='word_1_68' title='bbox 434 1148 532 1191; x_wconf 87' lang='lat' dir='ltr'>moras</span> <span class='ocrx_word' id='word_1_69' title='bbox 555 1148 721 1211; x_wconf 87' lang='lat' dir='ltr'>rursusque</span> <span class='ocrx_word' id='word_1_70' title='bbox 744 1133 921 1212; x_wconf 85' lang='lat' dir='ltr'>propinquis</span> 
     </span>
     <span class='ocr_line' id='line_1_12' title="bbox 87 1215 1049 1300; baseline 0.002 -22"><span class='ocrx_word' id='word_1_71' title='bbox 87 1220 272 1296; x_wconf 87' lang='lat' dir='ltr'>quaesiuisse</span> <span class='ocrx_word' id='word_1_72' title='bbox 297 1221 387 1299; x_wconf 90' lang='lat' dir='ltr'>iugis,</span> <span class='ocrx_word' id='word_1_73' title='bbox 409 1221 540 1299; x_wconf 91' lang='lat' dir='ltr'>pretium</span> <span class='ocrx_word' id='word_1_74' title='bbox 563 1219 635 1282; x_wconf 89' lang='lat' dir='ltr'>haut</span> <span class='ocrx_word' id='word_1_75' title='bbox 657 1220 724 1281; x_wconf 90' lang='lat' dir='ltr'>leue</span> <span class='ocrx_word' id='word_1_76' title='bbox 748 1222 893 1300; x_wconf 91' lang='lat' dir='ltr'>temporis</span> <span class='ocrx_word' id='word_1_77' title='bbox 919 1215 998 1283; x_wconf 65' lang='lat' dir='ltr'>acti?</span> <span class='ocrx_word' id='word_1_78' title='bbox 1047 1241 1049 1245; x_wconf 54' lang='lat'><strong><em>¹</em></strong></span> 
     </span>
     <span class='ocr_line' id='line_1_13' title="bbox 87 1307 882 1387; baseline 0.004 -21"><span class='ocrx_word' id='word_1_79' title='bbox 87 1307 217 1387; x_wconf 82' lang='lat' dir='ltr'>dixerat3</span> <span class='ocrx_word' id='word_1_80' title='bbox 241 1314 270 1367; x_wconf 91' lang='lat' dir='ltr'>at</span> <span class='ocrx_word' id='word_1_81' title='bbox 293 1307 400 1368; x_wconf 91' lang='lat' dir='ltr'>studiis</span> <span class='ocrx_word' id='word_1_82' title='bbox 422 1307 595 1369; x_wconf 89' lang='lat' dir='ltr'>iamdudum</span> <span class='ocrx_word' id='word_1_83' title='bbox 617 1316 718 1369; x_wconf 90' lang='lat' dir='ltr'>erecta</span> <span class='ocrx_word' id='word_1_84' title='bbox 740 1310 882 1370; x_wconf 91' lang='lat' dir='ltr'>iuuentus</span> 
     </span>
    </p>

    <p class='ocr_par' dir='ltr' id='par_1_11' title="bbox 89 1397 803 1478">
     <span class='ocr_line' id='line_1_14' title="bbox 89 1397 803 1478; baseline 0.004 -23"><span class='ocrx_word' id='word_1_85' title='bbox 89 1403 155 1456; x_wconf 86' lang='lat' dir='ltr'>orat</span> <span class='ocrx_word' id='word_1_86' title='bbox 178 1398 255 1456; x_wconf 88' lang='lat' dir='ltr'>inire</span> <span class='ocrx_word' id='word_1_87' title='bbox 278 1397 356 1476; x_wconf 80' lang='lat' dir='ltr'>uias3</span> <span class='ocrx_word' id='word_1_88' title='bbox 379 1415 473 1456; x_wconf 92' lang='lat' dir='ltr'>uuum</span> <span class='ocrx_word' id='word_1_89' title='bbox 496 1403 578 1457; x_wconf 90' lang='lat' dir='ltr'>tanto</span> <span class='ocrx_word' id='word_1_90' title='bbox 602 1398 682 1458; x_wconf 87' lang='lat' dir='ltr'>aiore</span> <span class='ocrx_word' id='word_1_91' title='bbox 706 1406 803 1478; x_wconf 88' lang='lat' dir='ltr'>coctu,</span> 
     </span>
    </p>

    <p class='ocr_par' dir='ltr' id='par_1_12' title="bbox 89 1485 918 1565">
     <span class='ocr_line' id='line_1_15' title="bbox 89 1485 918 1565; baseline 0.001 -20"><span class='ocrx_word' id='word_1_92' title='bbox 89 1502 145 1545; x_wconf 88' lang='lat' dir='ltr'>neo</span> <span class='ocrx_word' id='word_1_93' title='bbox 168 1487 268 1544; x_wconf 92' lang='lat' dir='ltr'>minus</span> <span class='ocrx_word' id='word_1_94' title='bbox 291 1486 322 1545; x_wconf 90' lang='lat' dir='ltr'>in</span> <span class='ocrx_word' id='word_1_95' title='bbox 345 1503 412 1546; x_wconf 87' lang='lat' dir='ltr'>sese</span> <span class='ocrx_word' id='word_1_96' title='bbox 435 1486 554 1565; x_wconf 87' lang='lat' dir='ltr'>generis</span> <span class='ocrx_word' id='word_1_97' title='bbox 577 1485 755 1564; x_wconf 82' lang='lat' dir='ltr'>dextrasque</span> <span class='ocrx_word' id='word_1_98' title='bbox 778 1493 918 1565; x_wconf 83' lang='lat' dir='ltr'>potentes</span> 
     </span>
    </p>

    <p class='ocr_par' dir='ltr' id='par_1_13' title="bbox 90 1573 877 1655">
     <span class='ocr_line' id='line_1_16' title="bbox 90 1573 877 1655; baseline 0.004 -23"><span class='ocrx_word' id='word_1_99' title='bbox 90 1591 156 1633; x_wconf 86' lang='lat' dir='ltr'>esse</span> <span class='ocrx_word' id='word_1_100' title='bbox 181 1573 291 1650; x_wconf 85' lang='lat' dir='ltr'>ierunt.</span> <span class='ocrx_word' id='word_1_101' title='bbox 334 1573 390 1635; x_wconf 90' lang='lat' dir='ltr'>-tali</span> <span class='ocrx_word' id='word_1_102' title='bbox 412 1582 544 1635; x_wconf 89' lang='lat' dir='ltr'>mentem</span> <span class='ocrx_word' id='word_1_103' title='bbox 565 1593 636 1655; x_wconf 91' lang='lat' dir='ltr'>pars</span> <span class='ocrx_word' id='word_1_104' title='bbox 658 1577 784 1635; x_wconf 82' lang='lat' dir='ltr'>maxima</span> <span class='ocrx_word' id='word_1_105' title='bbox 807 1574 877 1636; x_wconf 89' lang='lat' dir='ltr'>llatn</span> 
     </span>
    </p>

    <p class='ocr_par' dir='ltr' id='par_1_14' title="bbox 88 1663 808 1743">
     <span class='ocr_line' id='line_1_17' title="bbox 88 1663 808 1743; baseline 0.004 -22"><span class='ocrx_word' id='word_1_106' title='bbox 88 1664 177 1741; x_wconf 83' lang='lat' dir='ltr'>erigit</span> <span class='ocrx_word' id='word_1_107' title='bbox 199 1671 230 1723; x_wconf 93' lang='lat' dir='ltr'>et</span> <span class='ocrx_word' id='word_1_108' title='bbox 252 1680 328 1724; x_wconf 88' lang='lat' dir='ltr'>nana</span> <span class='ocrx_word' id='word_1_109' title='bbox 350 1663 479 1743; x_wconf 80' lang='lat' dir='ltr'>gliscunt</span> <span class='ocrx_word' id='word_1_110' title='bbox 500 1663 674 1743; x_wconf 88' lang='lat' dir='ltr'>praecordia</span> <span class='ocrx_word' id='word_1_111' title='bbox 696 1664 808 1743; x_wconf 86' lang='lat' dir='ltr'>lingua:</span> 
     </span>
    </p>

    <p class='ocr_par' dir='ltr' id='par_1_15' title="bbox 90 1749 871 1814">
     <span class='ocr_line' id='line_1_18' title="bbox 90 1749 871 1814; baseline 0.003 -3"><span class='ocrx_word' id='word_1_112' title='bbox 90 1749 213 1811; x_wconf 89' lang='lat' dir='ltr'>saltibus</span> <span class='ocrx_word' id='word_1_113' title='bbox 236 1759 271 1812; x_wconf 91' lang='lat' dir='ltr'>ut</span> <span class='ocrx_word' id='word_1_114' title='bbox 293 1751 400 1812; x_wconf 88' lang='lat' dir='ltr'>mediis</span> <span class='ocrx_word' id='word_1_115' title='bbox 421 1759 487 1813; x_wconf 91' lang='lat' dir='ltr'>tum</span> <span class='ocrx_word' id='word_1_116' title='bbox 509 1751 630 1813; x_wconf 90' lang='lat' dir='ltr'>demum</span> <span class='ocrx_word' id='word_1_117' title='bbox 652 1751 729 1813; x_wconf 90' lang='lat' dir='ltr'>laeta</span> <span class='ocrx_word' id='word_1_118' title='bbox 751 1752 871 1814; x_wconf 88' lang='lat' dir='ltr'>reducit</span> 
     </span>
    </p>

    <p class='ocr_par' dir='ltr' id='par_1_16' title="bbox 88 1839 1106 2080">
     <span class='ocr_line' id='line_1_19' title="bbox 88 1839 979 1922; baseline 0.002 -23"><span class='ocrx_word' id='word_1_119' title='bbox 88 1858 179 1900; x_wconf 88' lang='lat' dir='ltr'>cerua</span> <span class='ocrx_word' id='word_1_120' title='bbox 202 1857 337 1922; x_wconf 82' lang='lat' dir='ltr'>gregem,</span> <span class='ocrx_word' id='word_1_121' title='bbox 359 1848 424 1901; x_wconf 89' lang='lat' dir='ltr'>tum</span> <span class='ocrx_word' id='word_1_122' title='bbox 446 1842 536 1920; x_wconf 88' lang='lat' dir='ltr'>gestit</span> <span class='ocrx_word' id='word_1_123' title='bbox 559 1858 631 1921; x_wconf 89' lang='lat' dir='ltr'>aper</span> <span class='ocrx_word' id='word_1_124' title='bbox 653 1841 817 1919; x_wconf 76' lang='lat' dir='ltr'>reboatque</span> <span class='ocrx_word' id='word_1_125' title='bbox 841 1839 979 1920; x_wconf 88' lang='lat' dir='ltr'>superbis</span> 
     </span>
     <span class='ocr_line' id='line_1_20' title="bbox 90 1928 1106 2011; baseline 0.001 -23"><span class='ocrx_word' id='word_1_126' title='bbox 90 1931 257 1989; x_wconf 90' lang='lat' dir='ltr'>comminus</span> <span class='ocrx_word' id='word_1_127' title='bbox 280 1945 351 1989; x_wconf 92' lang='lat' dir='ltr'>ursa</span> <span class='ocrx_word' id='word_1_128' title='bbox 372 1928 464 2011; x_wconf 90' lang='lat' dir='ltr'>lupis,</span> <span class='ocrx_word' id='word_1_129' title='bbox 487 1948 557 1990; x_wconf 91' lang='lat' dir='ltr'>cum</span> <span class='ocrx_word' id='word_1_130' title='bbox 579 1948 645 1990; x_wconf 86' lang='lat' dir='ltr'>sese</span> <span class='ocrx_word' id='word_1_131' title='bbox 668 1929 773 1990; x_wconf 87' lang='lat' dir='ltr'>Martia</span> <span class='ocrx_word' id='word_1_132' title='bbox 796 1931 882 2010; x_wconf 90' lang='lat' dir='ltr'>tigris</span> <span class='ocrx_word' id='word_1_133' title='bbox 1053 1939 1106 1990; x_wconf 75' lang='lat'>635</span> 
     </span>
     <span class='ocr_line' id='line_1_21' title="bbox 89 2015 880 2080; baseline 0.004 -4"><span class='ocrx_word' id='word_1_134' title='bbox 89 2015 212 2078; x_wconf 83' lang='lat' dir='ltr'>abstulit</span> <span class='ocrx_word' id='word_1_135' title='bbox 235 2026 286 2078; x_wconf 91' lang='lat' dir='ltr'>aut</span> <span class='ocrx_word' id='word_1_136' title='bbox 308 2035 403 2079; x_wconf 91' lang='lat' dir='ltr'>curuo</span> <span class='ocrx_word' id='word_1_137' title='bbox 427 2021 535 2080; x_wconf 90' lang='lat' dir='ltr'>tacitus</span> <span class='ocrx_word' id='word_1_138' title='bbox 558 2017 606 2078; x_wconf 88' lang='lat' dir='ltr'>leo</span> <span class='ocrx_word' id='word_1_139' title='bbox 629 2016 762 2080; x_wconf 86' lang='lat' dir='ltr'>condidit</span> <span class='ocrx_word' id='word_1_140' title='bbox 785 2025 880 2079; x_wconf 90' lang='lat' dir='ltr'>antro.</span> 
     </span>
    </p>

    <p class='ocr_par' dir='ltr' id='par_1_17' title="bbox 91 2106 806 2187">
     <span class='ocr_line' id='line_1_22' title="bbox 91 2106 806 2187; baseline 0.003 -21"><span class='ocrx_word' id='word_1_141' title='bbox 91 2114 120 2166; x_wconf 91' lang='lat' dir='ltr'>at</span> <span class='ocrx_word' id='word_1_142' title='bbox 142 2108 210 2186; x_wconf 92' lang='lat' dir='ltr'>pius</span> <span class='ocrx_word' id='word_1_143' title='bbox 233 2109 347 2187; x_wconf 87' lang='lat' dir='ltr'>ingenti</span> <span class='ocrx_word' id='word_1_144' title='bbox 369 2106 512 2168; x_wconf 79' lang='lat' dir='ltr'>Telamon</span> <span class='ocrx_word' id='word_1_145' title='bbox 535 2109 593 2167; x_wconf 90' lang='lat' dir='ltr'>iam</span> <span class='ocrx_word' id='word_1_146' title='bbox 614 2108 739 2168; x_wconf 89' lang='lat' dir='ltr'>lluctnat</span> <span class='ocrx_word' id='word_1_147' title='bbox 761 2109 806 2168; x_wconf 89' lang='lat' dir='ltr'>ira</span> 
     </span>
    </p>

    <p class='ocr_par' dir='ltr' id='par_1_18' title="bbox 90 2196 937 2365">
     <span class='ocr_line' id='line_1_23' title="bbox 90 2196 937 2276; baseline 0.002 -22"><span class='ocrx_word' id='word_1_148' title='bbox 90 2212 161 2254; x_wconf 90' lang='lat' dir='ltr'>cum</span> <span class='ocrx_word' id='word_1_149' title='bbox 184 2196 318 2276; x_wconf 84' lang='lat' dir='ltr'>fremitu,</span> <span class='ocrx_word' id='word_1_150' title='bbox 341 2197 498 2276; x_wconf 88' lang='lat' dir='ltr'>saeuisque</span> <span class='ocrx_word' id='word_1_151' title='bbox 521 2215 625 2257; x_wconf 89' lang='lat' dir='ltr'>serens</span> <span class='ocrx_word' id='word_1_152' title='bbox 648 2199 707 2257; x_wconf 91' lang='lat' dir='ltr'>iam</span> <span class='ocrx_word' id='word_1_153' title='bbox 729 2198 826 2276; x_wconf 85' lang='lat' dir='ltr'>iurgia</span> <span class='ocrx_word' id='word_1_154' title='bbox 848 2196 937 2257; x_wconf 89' lang='lat' dir='ltr'>dictis</span> 
     </span>
     <span class='ocr_line' id='line_1_24' title="bbox 91 2284 887 2365; baseline 0.006 -23"><span class='ocrx_word' id='word_1_155' title='bbox 91 2285 261 2362; x_wconf 88' lang='lat' dir='ltr'>insequitur</span> <span class='ocrx_word' id='word_1_156' title='bbox 283 2302 448 2365; x_wconf 90' lang='lat' dir='ltr'>magnoque</span> <span class='ocrx_word' id='word_1_157' title='bbox 472 2284 601 2365; x_wconf 79' lang='lat' dir='ltr'>inploret</span> <span class='ocrx_word' id='word_1_158' title='bbox 624 2287 746 2346; x_wconf 90' lang='lat' dir='ltr'>numina</span> <span class='ocrx_word' id='word_1_159' title='bbox 769 2292 887 2365; x_wconf 90' lang='lat' dir='ltr'>questu.</span> 
     </span>
    </p>

    <p class='ocr_par' dir='ltr' id='par_1_19' title="bbox 91 2372 1107 2544">
     <span class='ocr_line' id='line_1_25' title="bbox 91 2372 1107 2454; baseline 0.003 -23"><span class='ocrx_word' id='word_1_160' title='bbox 91 2372 171 2432; x_wconf 91' lang='lat' dir='ltr'>idem</span> <span class='ocrx_word' id='word_1_161' title='bbox 194 2390 282 2433; x_wconf 91' lang='lat' dir='ltr'>crans</span> <span class='ocrx_word' id='word_1_162' title='bbox 305 2381 485 2454; x_wconf 89' lang='lat' dir='ltr'>prensatque</span> <span class='ocrx_word' id='word_1_163' title='bbox 509 2376 592 2435; x_wconf 89' lang='lat' dir='ltr'>uiros</span> <span class='ocrx_word' id='word_1_164' title='bbox 610 2374 798 2453; x_wconf 85' lang='lat' dir='ltr'>demissaque</span> <span class='ocrx_word' id='word_1_165' title='bbox 821 2374 947 2454; x_wconf 80' lang='lat' dir='ltr'>supplex</span> <span class='ocrx_word' id='word_1_166' title='bbox 1055 2385 1107 2434; x_wconf 71' lang='lat' dir='ltr'>tto</span> 
     </span>
     <span class='ocr_line' id='line_1_26' title="bbox 91 2459 925 2544; baseline 0.005 -24"><span class='ocrx_word' id='word_1_167' title='bbox 91 2459 195 2522; x_wconf 88' lang='lat' dir='ltr'>haeret</span> <span class='ocrx_word' id='word_1_168' title='bbox 217 2460 253 2521; x_wconf 96' lang='lat' dir='ltr'>ad</span> <span class='ocrx_word' id='word_1_169' title='bbox 277 2480 329 2522; x_wconf 91' lang='lat' dir='ltr'>ora</span> <span class='ocrx_word' id='word_1_170' title='bbox 351 2461 450 2544; x_wconf 89' lang='lat' dir='ltr'>ducis,</span> <span class='ocrx_word' id='word_1_171' title='bbox 472 2463 515 2524; x_wconf 93' lang='lat' dir='ltr'>nil</span> <span class='ocrx_word' id='word_1_172' title='bbox 538 2481 569 2523; x_wconf 90' lang='lat' dir='ltr'>se</span> <span class='ocrx_word' id='word_1_173' title='bbox 594 2481 685 2543; x_wconf 89' lang='lat' dir='ltr'>super</span> <span class='ocrx_word' id='word_1_174' title='bbox 707 2460 836 2524; x_wconf 86' lang='lat' dir='ltr'>Hercule</span> <span class='ocrx_word' id='word_1_175' title='bbox 859 2463 925 2544; x_wconf 80' lang='lat' dir='ltr'>tari,</span> 
     </span>
    </p>

    <p class='ocr_par' dir='ltr' id='par_1_20' title="bbox 93 2549 1005 2632">
     <span class='ocr_line' id='line_1_27' title="bbox 93 2549 1005 2632; baseline 0.001 -23"><span class='ocrx_word' id='word_1_176' title='bbox 93 2549 147 2611; x_wconf 90' lang='lat' dir='ltr'>sed</span> <span class='ocrx_word' id='word_1_177' title='bbox 170 2551 251 2610; x_wconf 88' lang='lat' dir='ltr'>socio</span> <span class='ocrx_word' id='word_1_178' title='bbox 276 2569 478 2632; x_wconf 89' lang='lat' dir='ltr'>quocumque,</span> <span class='ocrx_word' id='word_1_179' title='bbox 501 2553 576 2612; x_wconf 86' lang='lat' dir='ltr'>ierat</span> <span class='ocrx_word' id='word_1_180' title='bbox 599 2569 778 2631; x_wconf 90' lang='lat' dir='ltr'>quamquam</span> <span class='ocrx_word' id='word_1_181' title='bbox 801 2551 1005 2632; x_wconf 78' lang='lat' dir='ltr'>aspera-fama</span> 
     </span>
    </p>

    <p class='ocr_par' dir='ltr' id='par_1_21' title="bbox 92 2638 948 2720">
     <span class='ocr_line' id='line_1_28' title="bbox 92 2638 948 2720; baseline 0.002 -22"><span class='ocrx_word' id='word_1_182' title='bbox 92 2640 152 2699; x_wconf 92' lang='lat' dir='ltr'>iam</span> <span class='ocrx_word' id='word_1_183' title='bbox 173 2638 238 2699; x_wconf 91' lang='lat' dir='ltr'>loca</span> <span class='ocrx_word' id='word_1_184' title='bbox 260 2640 377 2718; x_wconf 89' lang='lat' dir='ltr'>iamque</span> <span class='ocrx_word' id='word_1_185' title='bbox 400 2638 478 2700; x_wconf 88' lang='lat' dir='ltr'>ieras</span> <span class='ocrx_word' id='word_1_186' title='bbox 501 2657 557 2719; x_wconf 91' lang='lat' dir='ltr'>per</span> <span class='ocrx_word' id='word_1_187' title='bbox 577 2638 703 2700; x_wconf 86' lang='lat' dir='ltr'>barbara</span> <span class='ocrx_word' id='word_1_188' title='bbox 726 2639 813 2699; x_wconf 92' lang='lat' dir='ltr'>litora</span> <span class='ocrx_word' id='word_1_189' title='bbox 835 2647 948 2720; x_wconf 80' lang='lat' dir='ltr'>gentes,</span> 
     </span>
    </p>

    <p class='ocr_par' dir='ltr' id='par_1_22' title="bbox 93 2727 888 2808">
     <span class='ocr_line' id='line_1_29' title="bbox 93 2727 888 2808; baseline 0 -20"><span class='ocrx_word' id='word_1_190' title='bbox 93 2746 154 2788; x_wconf 90' lang='lat' dir='ltr'>non</span> <span class='ocrx_word' id='word_1_191' title='bbox 177 2727 267 2788; x_wconf 89' lang='lat' dir='ltr'>alium</span> <span class='ocrx_word' id='word_1_192' title='bbox 290 2734 394 2788; x_wconf 92' lang='lat' dir='ltr'>contra</span> <span class='ocrx_word' id='word_1_193' title='bbox 418 2727 555 2808; x_wconf 77' lang='lat' dir='ltr'>Alciden,</span> <span class='ocrx_word' id='word_1_194' title='bbox 578 2745 638 2788; x_wconf 92' lang='lat' dir='ltr'>non</span> <span class='ocrx_word' id='word_1_195' title='bbox 661 2736 783 2807; x_wconf 89' lang='lat' dir='ltr'>pectora</span> <span class='ocrx_word' id='word_1_196' title='bbox 806 2734 888 2788; x_wconf 89' lang='lat' dir='ltr'>tanta</span> 
     </span>
    </p>

    <p class='ocr_par' dir='ltr' id='par_1_23' title="bbox 92 2815 1112 2989">
     <span class='ocr_line' id='line_1_30' title="bbox 92 2815 1112 2897; baseline -0.003 -20"><span class='ocrx_word' id='word_1_197' title='bbox 92 2834 181 2897; x_wconf 87' lang='lat' dir='ltr'>posse</span> <span class='ocrx_word' id='word_1_198' title='bbox 205 2816 277 2878; x_wconf 90' lang='lat' dir='ltr'>dari.</span> <span class='ocrx_word' id='word_1_199' title='bbox 321 2834 445 2878; x_wconf 89' lang='lat' dir='ltr'>rursum</span> <span class='ocrx_word' id='word_1_200' title='bbox 466 2815 630 2878; x_wconf 89' lang='lat' dir='ltr'>instimulat</span> <span class='ocrx_word' id='word_1_201' title='bbox 652 2815 794 2897; x_wconf 87' lang='lat' dir='ltr'>ducitque</span> <span class='ocrx_word' id='word_1_202' title='bbox 817 2817 953 2878; x_wconf 84' lang='lat' dir='ltr'>fauentes</span> <span class='ocrx_word' id='word_1_203' title='bbox 1053 2827 1112 2877; x_wconf 61' lang='lat'>645,</span> 
     </span>
     <span class='ocr_line' id='line_1_31' title="bbox 93 2905 894 2989; baseline 0.001 -23"><span class='ocrx_word' id='word_1_204' title='bbox 93 2907 297 2984; x_wconf 88' lang='lat' dir='ltr'>magnanimus</span> <span class='ocrx_word' id='word_1_205' title='bbox 321 2905 468 2986; x_wconf 80' lang='lat' dir='ltr'>Calydone</span> <span class='ocrx_word' id='word_1_206' title='bbox 491 2913 587 2989; x_wconf 88' lang='lat' dir='ltr'>satus,</span> <span class='ocrx_word' id='word_1_207' title='bbox 609 2924 665 2986; x_wconf 92' lang='lat' dir='ltr'>pro</span> <span class='ocrx_word' id='word_1_208' title='bbox 690 2905 824 2968; x_wconf 83' lang='lat' dir='ltr'>moribus</span> <span class='ocrx_word' id='word_1_209' title='bbox 846 2905 894 2967; x_wconf 89' lang='lat' dir='ltr'>ille</span> 
     </span>
    </p>

    <p class='ocr_par' dir='ltr' id='par_1_24' title="bbox 94 2994 819 3075">
     <span class='ocr_line' id='line_1_32' title="bbox 94 2994 819 3075; baseline -0.001 -20"><span class='ocrx_word' id='word_1_210' title='bbox 94 2994 243 3056; x_wconf 86' lang='lat' dir='ltr'>deteriora</span> <span class='ocrx_word' id='word_1_211' title='bbox 266 2995 372 3056; x_wconf 90' lang='lat' dir='ltr'>louens</span> <span class='ocrx_word' id='word_1_212' title='bbox 396 3008 573 3075; x_wconf 82' lang='lat' dir='ltr'>semperque</span> <span class='ocrx_word' id='word_1_213' title='bbox 596 2997 717 3056; x_wconf 88' lang='lat' dir='ltr'>inuersa</span> <span class='ocrx_word' id='word_1_214' title='bbox 740 2997 819 3057; x_wconf 84' lang='lat' dir='ltr'>tueri</span> 
     </span>
    </p>

    <p class='ocr_par' dir='ltr' id='par_1_25' title="bbox 92 3082 1015 3253">
     <span class='ocr_line' id='line_1_33' title="bbox 94 3082 926 3164; baseline -0.002 -19"><span class='ocrx_word' id='word_1_215' title='bbox 94 3083 191 3145; x_wconf 86' lang='lat' dir='ltr'>durus</span> <span class='ocrx_word' id='word_1_216' title='bbox 213 3091 244 3145; x_wconf 88' lang='lat' dir='ltr'>et</span> <span class='ocrx_word' id='word_1_217' title='bbox 266 3083 345 3145; x_wconf 91' lang='lat' dir='ltr'>haud</span> <span class='ocrx_word' id='word_1_218' title='bbox 367 3082 437 3145; x_wconf 89' lang='lat' dir='ltr'>nlhs</span> <span class='ocrx_word' id='word_1_219' title='bbox 460 3100 601 3163; x_wconf 86' lang='lat' dir='ltr'>umquam</span> <span class='ocrx_word' id='word_1_220' title='bbox 624 3083 800 3164; x_wconf 83' lang='lat' dir='ltr'>superabilis</span> <span class='ocrx_word' id='word_1_221' title='bbox 824 3085 926 3162; x_wconf 89' lang='lat' dir='ltr'>aequis</span> 
     </span>
     <span class='ocr_line' id='line_1_34' title="bbox 92 3167 1015 3253; baseline 0.003 -24"><span class='ocrx_word' id='word_1_222' title='bbox 92 3180 284 3234; x_wconf 83' lang='lat' dir='ltr'>rectorumue</span> <span class='ocrx_word' id='word_1_223' title='bbox 308 3191 430 3234; x_wconf 88' lang='lat' dir='ltr'>memor.</span> <span class='ocrx_word' id='word_1_224' title='bbox 477 3167 549 3234; x_wconf 79' lang='lat' dir='ltr'>‘non</span> <span class='ocrx_word' id='word_1_225' title='bbox 571 3167 721 3233; x_wconf 88' lang='lat' dir='ltr'>llerculis&#39;</span> <span class='ocrx_word' id='word_1_226' title='bbox 744 3174 841 3252; x_wconf 89' lang='lat' dir='ltr'>inquit</span> <span class='ocrx_word' id='word_1_227' title='bbox 865 3167 1015 3253; x_wconf 67' lang='lat' dir='ltr'>‘adempti</span> 
     </span>
    </p>

    <p class='ocr_par' dir='ltr' id='par_1_26' title="bbox 94 3259 1109 3518">
     <span class='ocr_line' id='line_1_35' title="bbox 94 3259 1109 3340; baseline -0.001 -18"><span class='ocrx_word' id='word_1_228' title='bbox 94 3262 147 3322; x_wconf 87' lang='lat' dir='ltr'>sed</span> <span class='ocrx_word' id='word_1_229' title='bbox 170 3269 240 3323; x_wconf 88' lang='lat' dir='ltr'>tuus</span> <span class='ocrx_word' id='word_1_230' title='bbox 263 3264 294 3322; x_wconf 95' lang='lat' dir='ltr'>in</span> <span class='ocrx_word' id='word_1_231' title='bbox 318 3278 402 3323; x_wconf 91' lang='lat' dir='ltr'>seros</span> <span class='ocrx_word' id='word_1_232' title='bbox 424 3262 498 3323; x_wconf 89' lang='lat' dir='ltr'>haec</span> <span class='ocrx_word' id='word_1_233' title='bbox 511 3267 623 3322; x_wconf 89' lang='lat' dir='ltr'>nostra</span> <span class='ocrx_word' id='word_1_234' title='bbox 646 3259 765 3321; x_wconf 86' lang='lat' dir='ltr'>silentia</span> <span class='ocrx_word' id='word_1_235' title='bbox 787 3268 913 3340; x_wconf 86' lang='lat' dir='ltr'>questus</span> <span class='ocrx_word' id='word_1_236' title='bbox 1057 3271 1109 3322; x_wconf 74' lang='lat' dir='ltr'>oso</span> 
     </span>
     <span class='ocr_line' id='line_1_36' title="bbox 95 3348 983 3434; baseline -0.002 -22"><span class='ocrx_word' id='word_1_237' title='bbox 95 3352 184 3412; x_wconf 87' lang='lat' dir='ltr'>traxit</span> <span class='ocrx_word' id='word_1_238' title='bbox 206 3351 315 3431; x_wconf 78' lang='lat' dir='ltr'>honor,</span> <span class='ocrx_word' id='word_1_239' title='bbox 337 3350 410 3413; x_wconf 91' lang='lat' dir='ltr'>dum</span> <span class='ocrx_word' id='word_1_240' title='bbox 431 3352 498 3412; x_wconf 87' lang='lat' dir='ltr'>iura</span> <span class='ocrx_word' id='word_1_241' title='bbox 519 3349 621 3434; x_wconf 78' lang='lat' dir='ltr'>dues,</span> <span class='ocrx_word' id='word_1_242' title='bbox 642 3348 715 3411; x_wconf 90' lang='lat' dir='ltr'>dum</span> <span class='ocrx_word' id='word_1_243' title='bbox 737 3357 872 3430; x_wconf 83' lang='lat' dir='ltr'>tempora</span> <span class='ocrx_word' id='word_1_244' title='bbox 894 3350 983 3411; x_wconf 81' lang='lat' dir='ltr'>tandi.</span> 
     </span>
     <span class='ocr_line' id='line_1_37' title="bbox 95 3437 892 3518; baseline -0.001 -19"><span class='ocrx_word' id='word_1_245' title='bbox 95 3441 241 3518; x_wconf 89' lang='lat' dir='ltr'>septimus</span> <span class='ocrx_word' id='word_1_246' title='bbox 264 3439 311 3500; x_wconf 85' lang='lat' dir='ltr'>hio</span> <span class='ocrx_word' id='word_1_247' title='bbox 334 3440 422 3501; x_wconf 85' lang='lat' dir='ltr'>celsis</span> <span class='ocrx_word' id='word_1_248' title='bbox 440 3437 596 3501; x_wconf 87' lang='lat' dir='ltr'>descendit</span> <span class='ocrx_word' id='word_1_249' title='bbox 618 3437 768 3500; x_wconf 88' lang='lat' dir='ltr'>montibus</span> <span class='ocrx_word' id='word_1_250' title='bbox 791 3446 892 3499; x_wconf 91' lang='lat' dir='ltr'>auster</span> 
     </span>
    </p>

    <p class='ocr_par' dir='ltr' id='par_1_27' title="bbox 95 3527 977 3609">
     <span class='ocr_line' id='line_1_38' title="bbox 95 3527 977 3609; baseline -0.008 -22"><span class='ocrx_word' id='word_1_251' title='bbox 95 3530 213 3606; x_wconf 91' lang='lat' dir='ltr'>iamque</span> <span class='ocrx_word' id='word_1_252' title='bbox 236 3534 332 3590; x_wconf 86' lang='lat' dir='ltr'>ratem</span> <span class='ocrx_word' id='word_1_253' title='bbox 354 3527 501 3609; x_wconf 79' lang='lat' dir='ltr'>Scythicis</span> <span class='ocrx_word' id='word_1_254' title='bbox 524 3529 628 3590; x_wconf 89' lang='lat' dir='ltr'>lorsan</span> <span class='ocrx_word' id='word_1_255' title='bbox 648 3529 812 3589; x_wconf 72' lang='lat' dir='ltr'>statuisset</span> <span class='ocrx_word' id='word_1_256' title='bbox 826 3529 869 3586; x_wconf 66' lang='lat' dir='ltr'>hu</span> <span class='ocrx_word' id='word_1_257' title='bbox 889 3529 977 3596; x_wconf 61' lang='lat' dir='ltr'>ohe,</span> 
     </span>
    </p>
   </div>
   <div class='ocr_carea' id='block_1_3' title="bbox 0 0 1209 3878">
    <p class='ocr_par' dir='ltr' id='par_1_28' title="bbox 0 0 1209 3878">
     <span class='ocr_line' id='line_1_39' title="bbox 0 0 1209 3878; baseline 0 0"><span class='ocrx_word' id='word_1_258' title='bbox 0 0 1209 3878; x_wconf 95' lang='lat' dir='ltr'> </span> 
     </span>
    </p>
   </div>
  </div>
 </body>
</html>
