2384 3878
87 181 130 246 28
432 177 460 234 C.
479 178 616 234 VALERI
633 176 763 233 FLACOI

87 334 205 395 horruit
228 341 258 393 et
280 331 386 393 tacitae
409 329 534 391 Martem
557 338 681 391 tenuere
706 337 836 390 catenae.
1056 336 1120 393 100'

89 425 228 503 quocirca
251 423 341 482 struit
362 419 412 481 ilia
435 420 518 481 nefas
541 418 713 498 Lemnoque
736 419 865 479 merenti

89 515 212 574 exitium
236 509 341 572 furiale
365 517 479 592 mouet3
502 527 599 588 neque
624 511 704 569 enim
727 507 802 568 alma
823 507 922 568 uideri

88 602 206 663 uultum
229 618 264 660 ea
286 618 342 660 nec
365 601 455 662 tereti
478 601 592 659 crinem
615 597 803 659 subnectitur
826 614 899 658 auro

89 692 221 753 sidereos
244 689 350 750 diffusa
373 691 470 770 sinus3
493 688 595 749 eadem
619 688 709 748 effera
732 695 763 748 et
785 689 890 767 ingens

89 789 119 841 et
141 779 265 840 maculis
290 778 413 840 suffecta
436 796 526 858 genas
548 779 711 857 pinumque
735 783 891 838 sonantem
1056 784 1107 839 lot

89 868 257 949 uirginibus
280 868 389 948 Stygiis
412 870 586 947 nigramque
610 867 757 927 simillima
779 864 894 946 pallam.

133 958 254 1037 lamque
278 958 341 1019 dies
365 957 482 1039 aderat,
505 956 635 1017 Thracas
659 975 719 1036 quo
742 954 860 1016 fuderat
882 956 977 1016 armis

90 1048 149 1108 dux
172 1046 277 1108 Lemni
298 1065 414 1127 puppes
438 1048 523 1107 tenui
547 1052 706 1106 contexere
731 1063 823 1106 canna

90 1155 180 1197 ausus
203 1143 234 1196 et
256 1136 378 1197 inducto
402 1143 515 1196 cratem
538 1134 698 1196 defendere
722 1143 814 1213 tergo.

89 1225 165 1286 laeta
188 1227 263 1285 mari
286 1233 350 1285 tum
373 1227 457 1303 signa
479 1224 585 1306 refert,
608 1224 770 1304 plenasque
794 1220 956 1284 mouebant
1054 1233 1106 1285 110

90 1315 232 1374 armentis
256 1312 440 1392 nuribusque
464 1322 557 1395 rates;
580 1314 627 1374 bis
649 1313 775 1375 barbara
797 1315 891 1373 uestis

91 1411 121 1464 et
143 1411 280 1483 torques,
303 1405 419 1482 insigne
442 1403 508 1463 loci.
555 1411 641 1464 sonat
663 1420 792 1481 aequore
816 1400 928 1462 clamor

90 1488 120 1553 ‘o
142 1493 251 1573 patria,
274 1511 292 1552 o
316 1494 408 1552 uariis
431 1494 561 1552 coniunx
584 1511 664 1553 nnnc
688 1494 773 1552 anxia
796 1493 886 1571 curis,

89 1581 143 1641 has
166 1583 280 1660 agimus
302 1580 384 1659 longi
406 1581 530 1641 famulas
553 1580 608 1641 tibi
630 1582 761 1660 praemia
783 1575 878 1641 belfi':
1102 1639 1105 1643 ,

91 1688 160 1730 curn
183 1669 237 1729 dea
256 1688 287 1729 se
311 1671 397 1749 piceo
419 1688 474 1749 per
497 1669 605 1730 sudum
628 1669 746 1730 turbida
769 1668 870 1729 nimbo
1057 1679 1109 1731 115

89 1760 267 1839 praecipitat
289 1758 467 1837 Famamque
490 1777 595 1837 uagam
618 1761 746 1839 uestigat
768 1760 799 1819 in
822 1756 938 1838 umbra,

91 1866 180 1927 quam
202 1855 287 1928 pater
312 1850 499 1927 omnipotens
523 1848 610 1928 digna
633 1848 728 1927 adque
751 1847 872 1928 indigna
895 1853 1057 1909 canentem

92 1944 340 2017 spargentemque
363 1945 461 1997 metus
483 1937 607 2017 placidis
625 1936 797 2016 regionibus
820 1944 903 1997 arcet

92 2024 235 2086 aetheris:
257 2024 307 2084 illa
330 2026 460 2086 fremens
483 2025 596 2087 habitat
618 2025 674 2086 sub
698 2025 828 2087 nubibus
850 2026 928 2106 imis,

91 2131 152 2175 non
176 2112 272 2195 erebi,
296 2132 355 2173 non
378 2114 448 2175 diua
469 2114 543 2196 poli,
566 2122 721 2194 terrasque
745 2115 856 2196 fatigat,
1057 2124 1110 2174 120

92 2220 165 2282 quas
189 2203 288 2284 datur,
312 2211 470 2282 augentem
491 2205 581 2283 primi
604 2212 809 2283 spernuntque
832 2203 1013 2285 fouentque3

92 2309 160 2351 mor
184 2309 287 2352 omnes
311 2293 370 2370 agit
393 2302 423 2353 et
446 2295 534 2353 motis
558 2295 653 2372 quatit
676 2292 782 2373 oppida
805 2292 923 2372 linguis.

91 2379 181 2441 talem
204 2380 271 2455 diua
296 2379 352 2439 sibi
375 2381 557 2459 scelerisque
581 2381 699 2460 dolique
722 2383 889 2442 ministram

92 2470 210 2548 quaerit
232 2485 333 2528 auens.
379 2469 461 2530 uidet
483 2469 533 2529 illa
554 2473 651 2552 prior,
673 2472 791 2550 iamque
815 2468 933 2531 aduolat
955 2468 1038 2531 udtro

91 2559 253 2639 inpatiens,
276 2559 393 2635 iamque
417 2577 469 2619 ora
491 2567 588 2640 parat,
610 2562 670 2619 iam
692 2563 816 2620 suscitat
839 2576 936 2620 aures.
1057 2567 1111 2619 tao

91 2645 167 2707 banc
192 2646 415 2727 superincendit
438 2646 537 2709 Venus
560 2648 655 2728 adque
678 2649 726 2709 his
749 2648 874 2710 uocibus
896 2647 1015 2727 implet:

93 2730 180 2797 ‘uode
204 2754 256 2814 age
281 2743 311 2795 et
334 2753 525 2817 aequoream,
548 2739 647 2818 uirgo,
670 2736 807 2798 delabere
830 2736 965 2798 Lemnon

93 2831 123 2884 et
146 2832 269 2886 cunctas
292 2823 364 2883 mibi
387 2832 473 2885 uerte
496 2824 612 2901 domoS,
634 2844 831 2905 praecurrere
855 2824 951 2905 qualis

93 2911 169 2973 belia
192 2912 283 2993 soles,
307 2929 376 2972 cnm
398 2912 477 2973 mille
501 2912 587 2974 tubas
610 2921 780 2993 armataque
804 2914 916 2994 campis

93 3004 207 3081 agmina
231 3009 262 3062 et
284 3003 476 3061 innumerum
498 3001 585 3062 flatus
609 3003 752 3082 confingis
776 3019 931 3082 equorum.
1058 3012 1113 3065 180

93 3090 194 3150 adfore
217 3092 275 3151 iam
297 3089 369 3150 luxu
388 3092 528 3171 turpique
553 3091 691 3170 cupidine
715 3100 817 3172 captos

92 3179 155 3239 iare
178 3181 261 3239 uiros
284 3198 427 3259 carasque
451 3182 525 3241 toris
548 3180 690 3241 inducere
713 3180 883 3241 Thraessas.

91 3266 165 3327 baec
188 3266 243 3328 tibi
264 3270 426 3349 principia,
448 3269 518 3329 bino
541 3267 658 3329 rabidas
682 3268 766 3330 dolor
788 3269 920 3348 undique
944 3277 1057 3332 matres

92 3356 272 3419 instirnulet:
292 3375 362 3418 mox
384 3359 448 3437 ipsa
471 3357 560 3418 adero
584 3357 749 3437 ducamque
772 3354 910 3438 paratas?

136 3444 188 3506 iila
210 3444 271 3507 abit
294 3455 324 3507 et
346 3445 474 3507 mediam
496 3446 627 3526 gaudens
650 3446 785 3507 defertur
807 3449 839 3507 in
861 3446 983 3529 urbem3
1058 3457 1111 3511 13⁵

79 3539 114 3587 er
126 3536 264 3607 primam
280 3534 480 3616 Eurynomen
504 3535 540 3598 ad
564 3536 701 3617 proxima
720 3533 826 3595 iimina
844 3535 939 3596 Ledri
