2384 3878
101 139 151 255 Ι94
451 188 480 246 Ο.
499 189 636 246 vanum
653 188 784 246 sedeci

107 335 231 402 ‘cernis'
254 342 295 401 ait
318 336 454 401 ‘Colchos
477 338 605 400 habeant
627 357 702 419 quae
726 340 852 420 proelia,
875 340 987 417 quique

106 448 187 491 nunc
210 436 314 492 status.
360 428 430 490 hinc
452 427 574 510 Perses,
596 427 677 488 illinc
700 447 760 488 uon
784 427 900 488 uiribus
924 431 1027 507 aequis

106 527 229 600 apparat
251 513 358 580 Aeetes
380 519 481 578 aciem.
528 516 637 595 quihus
659 516 796 578 addimur
819 511 941 577 armis‘l’
1069 528 1122 578 183

107 609 156 669 331
178 607 253 669 luno
277 602 402 668 ‘dimitte
426 615 537 687 metus,
560 624 597 666 ne
620 605 733 686 proelia
755 607 832 666 forte

55 738 67 751 -.
106 695 155 757 hic
178 696 233 758 tihi
256 704 338 775 grata
360 714 481 776 negem,
505 713 629 775 magnus
653 703 752 756 manet
775 694 877 774 aegida
900 693 992 757 sudor

107 794 137 848 et
159 792 279 846 nostros
301 787 360 845 iam
383 783 474 844 sudor
497 802 599 863 equos.
645 792 703 846 stat
725 792 847 864 pectore
865 783 957 844 fixum
1070 778 1076 783 “

107 873 215 935 Aeetae
240 875 354 935 sociare
377 891 491 934 manus.
538 875 600 934 scio
623 872 736 952 perdida
759 874 838 951 regis

107 962 197 1024 corda
220 963 340 1042 quidem
363 955 476 1045 (nullos
499 961 606 1041 Minyis
629 962 764 1023 exsoluet
786 954 941 1043 honores),
1068 973 1120 1024 aso

106 1070 214 1114 uerum
237 1052 310 1112 31133
332 1059 405 1113 1333
427 1053 491 1130 ipsa
514 1050 611 1133 dolos,
635 1049 690 1111 3113
713 1069 781 1111 orsa
803 1045 951 1110 monebo?

109 1137 194 1222 sint,
216 1159 338 1221 precor,
361 1139 447 1219 haec;
469 1147 520 1200 133
543 1157 670 1218 namque
693 1139 768 1199 mihi
790 1138 955 1199 comitanda
977 1133 1122 1219 potestas'

106 1229 201 1289 Pallas
225 1231 278 1310 ait,
302 1224 401 1288 ‘liceat
423 1227 508 1288 Grais
531 1236 566 1288 31
588 1227 714 1288 reddere
737 1229 828 1289 133313

107 1317 268 1378 Aesonium
291 1323 433 1396 caputet
454 1334 598 1398 puppem,
622 1334 710 1395 quam
734 1319 897 1378 struximus
920 1318 1010 1399 ipsae,

106 1409 244 1468 iactatam
267 1404 386 1466 tandem
408 1412 512 1466 nostro
536 1423 715 1485 componere
739 1400 841 1466 caelo?
1070 1416 1121 1467 300

151 1494 232 1556 Talia
254 1502 326 1557 1333
350 1493 505 1555 hominum
528 1497 630 1574 superi
651 1513 707 1575 pro
730 1493 816 1555 laude
840 1493 1009 1555 mouebant.
1085 1572 1089 1579 Ι

106 1586 221 1645 tristior
244 1591 275 1644 at
296 1601 458 1663 numquam
481 1590 602 1645 tantone
625 1583 804 1663 pauentibus
826 1583 887 1643 3113

106 1684 166 1733 nox
188 1672 294 1752 Minyis
318 1679 419 1752 egesta
441 1678 536 1752 metu3
561 1672 602 1732 nil
626 1674 736 1751 quippe
759 1679 880 1752 reperto

106 1760 246 1843 Phaside,
269 1759 311 1820 nil
334 1760 454 1821 domitis
478 1768 576 1822 actum
600 1760 811 1841 Symplegados
834 1759 932 1842 undis,
971 1789 973 1795 ·

107 1858 274 1929 cunctaque
289 1848 395 1930 adhuc,
417 1852 516 1930 magni
530 1851 652 1912 ueniant
674 1849 746 1912 dum
768 1852 848 1930 regis
867 1849 903 1910 ad
921 1848 1037 1931 urbem,
1068 1861 1120 1911 aoo

107 1937 244 2018 ambigua
266 1946 297 2000 et
320 1937 409 1999 darbia
431 1957 535 2000 rerum
556 1938 716 2019 pendentia
739 1956 862 2000 summa.

105 2028 265 2107 praecipue
284 2026 452 2088 Aesoniden
474 2030 574 2089 uarios
593 2030 707 2089 incerta
728 2046 784 2108 per
806 2035 907 2088 aestus

5 2134 8 2138 ·
106 2134 191 2177 mens
214 2118 291 2195 rapit
314 2114 476 2177 undantem
499 2118 580 2177 curis
604 2135 637 2177 33
660 2116 754 2177 multa
776 2123 945 2179 nouantem.

107 2205 233 2285 qualiter
256 2223 292 2265 ex
316 2203 373 2266 alta
396 2224 465 2266 oum
486 2204 619 2285 luppiter
643 2224 710 2266 3333
735 2213 881 2287 coruscat,

106 2292 221 2354 Pliadas
244 2293 293 2353 ille
316 2312 441 2355 mouens
464 2297 648 2373 mixtumque
672 2293 830 2355 sonoribus
852 2291 980 2353 imbrem
1068 2303 1119 2354 300

106 2379 321 2441 13333113333333
345 2385 460 2463 niuem,
483 2385 564 2442 canis
587 2381 639 2443 ubi
660 2383 775 2444 tollitur
798 2384 894 2443 omnis

75 2487 79 2493 ·
106 2488 228 2550 campus
251 2472 344 2552 aquis,
367 2479 418 2531 331
441 2473 594 2549 sanguinei
613 2489 717 2550 magua
740 2473 815 2532 ostia
837 2470 907 2531 belli

105 2558 251 2621 33131103
275 2558 373 2621 dubiis
396 2560 524 2620 fatorum
547 2559 685 2639 gentihus
708 2568 805 2621 ortus:

106 2649 149 2709 sic
172 2656 237 2710 tum
260 2648 388 2710 diuersis
410 2648 480 2709 hinc
503 2649 598 2729 adque
621 2648 692 2709 hinc
714 2648 845 2710 motibus
868 2666 977 2728 anceps

104 2744 227 2817 pectora
249 2737 309 2798 dux
333 2737 439 2798 crebro
462 2740 573 2816 gemitu
597 2740 704 2820 quatit,
727 2746 809 2818 optat
832 2745 863 2799 31
885 2737 994 2797 almum
1066 2749 1122 2799 310

105 2827 163 2887 iam
185 2825 272 2887 iubar
294 2832 325 2885 et
348 2828 423 2886 certi
445 2825 565 2886 tandem
587 2826 768 2887 discriminis
790 2828 887 2887 horas

104 2923 177 2976 tunc
200 2914 295 2974 delixa
318 2914 379 2973 solo
404 2922 550 2992 coetuque
573 2916 687 2975 intenta
710 2914 809 2975 silenti

104 3021 212 3065 uersus
236 3002 272 3062 ad
295 3021 347 3062 ora
370 3004 470 3065 313331
493 2998 584 3081 ‘quod
606 3004 723 3083 pridem
746 3003 917 3083 ingentibus
941 3006 1020 3064 ausis

104 3086 272 3172 optauistis'
296 3094 336 3152 ait
359 3087 567 3172 ‘netarumque
591 3093 671 3171 quod
694 3093 811 3154 horruit
834 3100 923 3174 aetas,

105 3179 245 3241 adsumus
269 3188 503 3260 astantumque
528 3182 612 3243 133113
636 3184 790 3244 enauimus
814 3181 925 3242 orbem.
1066 3192 1120 3244 310

104 3287 160 3331 333
183 3268 279 3349 pelagi
301 3288 356 3330 nos
379 3270 458 3330 mille
482 3272 562 3352 uiae,
585 3288 641 3330 nec
666 3272 742 3331 lama
766 3270 870 3331 fefellit

105 3357 274 3436 Soligenam
296 3358 407 3420 Aeeten
431 3358 526 3419 media
549 3376 674 3438 regnare
698 3358 754 3420 sub
778 3367 868 3420 arcto.

98 3465 173 3523 ergo
196 3445 322 3508 3131133
346 3448 439 3509 altum
462 3456 581 3529 sparget
603 3467 684 3509 mare
691 3496 700 3529 ,
723 3455 803 3509 13313
824 3449 952 3529 petenda

80 3530 171 3592 urhis
194 3544 228 3597 et
247 3538 349 3617 ignoti
372 3557 462 3602 mens
486 3537 672 3622 experienda
691 3539 821 3619 1333331.
