2384 3878
120 185 163 250 56
463 184 492 240 C.
510 184 647 238 Vanum
665 183 796 240 FLACGI

121 334 222 395 Delius
244 333 293 394 hic
316 332 402 412 longe
426 333 565 393 candenti
587 341 672 394 ueste
696 334 836 395 sacerdos

123 424 255 484 occurrit
276 441 421 502 ramoque
445 429 545 483 uocat:
567 423 686 501 iamque
709 423 773 501 ipse
797 424 912 483 recenti
938 454 940 459 ·

122 520 180 573 stat
202 511 317 573 tumulo
340 511 453 590 placida
476 513 682 571 transmittens
706 513 822 589 agmina
844 511 940 572 lauro:

122 602 204 663 ducit
227 608 258 661 et
281 602 317 661 ad
339 600 448 661 binarios
472 617 506 659 ac
529 599 649 660 uincula
672 600 790 660 soluere
813 607 959 662 monstrat
1088 613 1144 662 aaa

121 693 216 770 prima
239 689 349 768 pedum
372 688 550 768 glaucasque
574 690 667 749 comis
689 696 863 768 praetexere
886 688 1008 749 frondes

122 781 261 859 imperat,
285 777 354 838 binc
377 777 435 838 alte
458 776 572 838 Phoebi
595 779 745 856 surgentis
768 778 804 838 ad
826 776 930 838 orbem

122 869 202 927 serre
225 885 330 928 manus
353 875 491 946 totosque
515 866 604 927 simul
626 866 824 945 procumbere
847 867 966 946 campis

122 967 194 1018 tunc
217 958 318 1036 piceae
342 964 509 1017 mactamur
532 974 618 1037 oues,
640 963 837 1035 prosectaque
859 957 968 1035 partim

123 1056 254 1125 tergora,
278 1063 333 1125 per
355 1045 469 1106 medios
491 1046 599 1123 partim
621 1046 699 1122 gerit
721 1044 830 1105 obuius
852 1043 964 1104 ldmon.

122 1144 169 1195 ter
192 1136 297 1195 tacitos
320 1151 408 1213 egere
432 1133 554 1213 gradus,
577 1139 623 1193 ter
646 1135 742 1193 tristia
764 1140 888 1212 tangens

123 1241 203 1283 arma
226 1221 314 1282 sinrul
332 1229 491 1300 uestesque
515 1224 616 1283 uirum
637 1222 811 1283 lustramina
832 1230 924 1300 ponto

124 1330 199 1391 pone
223 1313 306 1390 iacit3
329 1311 440 1391 rapidis
463 1309 619 1371 adolentur
642 1318 742 1371 cetera
763 1310 897 1372 llamnris

124 1401 307 1478 quinetiam
330 1407 461 1480 truncas,
483 1417 642 1460 numerum
665 1400 837 1479 effigiesque
860 1401 1005 1479 aurorum,
1101 1464 1105 1471 ,

124 1492 179 1549 rite
203 1489 282 1548 locat
303 1507 433 1567 quercus
457 1487 653 1567 simulataque
677 1487 805 1567 subligat
826 1504 915 1550 arnna.

123 1578 182 1638 huc
207 1576 321 1656 Stygias
345 1579 471 1637 transire
495 1580 591 1638 minas
613 1580 747 1656 iramque
771 1578 871 1638 seueri

124 1667 289 1746 sanguinis,
312 1664 359 1725 his
383 1672 448 1725 orat
471 1665 577 1744 uigiles
599 1665 773 1727 incumbere
797 1684 893 1747 curas,

124 1755 218 1834 adque
242 1755 283 1815 ita
306 1752 451 1814 lustrifico
475 1763 563 1815 cantu
587 1762 687 1816 uocat:
711 1749 763 1816 ‘ite
786 1756 933 1834 perempti

124 1863 158 1904 ac
181 1861 328 1903 memores
352 1841 467 1904 abolete
490 1846 614 1925 animas3
638 1846 698 1904 sint
720 1845 780 1905 otia
802 1843 898 1924 uobis,

126 1935 165 1993 sit
190 1931 306 2011 Stygiae
330 1933 388 1992 iam
412 1932 491 1992 sedis
515 1950 611 2013 amor3
634 1932 740 2011 procul
759 1934 874 2011 agmine
898 1939 1002 1992 nostro

124 2030 154 2081 et
177 2019 282 2099 procul
305 2028 368 2079 este
392 2023 466 2080 mari
489 2023 664 2099 cunctisque
688 2021 823 2082 absistite
846 2019 941 2081 bellis

123 2127 179 2171 uos
203 2127 257 2188 ego
280 2127 336 2169 nec
360 2106 462 2169 Graias
487 2126 627 2188 umquam
650 2108 831 2170 contendere
854 2108 890 2169 ad
910 2107 1001 2170 urbes

125 2216 180 2258 nec
203 2198 303 2258 triuiis
325 2196 439 2258 adulare
462 2197 570 2278 uelim,
591 2200 753 2277 pecorique
777 2200 907 2277 satisque

79 2276 81 2285 '
124 2285 221 2348 nullae
244 2285 312 2346 ideo
335 2293 436 2364 pestes
459 2304 515 2347 nec
537 2286 657 2348 luctifer
679 2289 799 2366 ingruat
821 2304 926 2366 annus,

124 2393 180 2436 nec
204 2373 306 2453 populi
329 2375 463 2434 nostriue
486 2375 570 2435 luant
593 2393 627 2435 ea
650 2376 727 2435 facta
750 2369 902 2436 minores?

125 2465 254 2544 dixerat,
277 2469 308 2522 et
332 2479 462 2522 summas
485 2461 695 2524 frondentibus
718 2464 818 2528 intulit
840 2466 900 2524 aris

124 2552 287 2631 libauitque
312 2550 416 2631 dapes,
438 2550 547 2630 placidi
569 2570 643 2631 quas
665 2554 804 2631 protinus
827 2569 948 2631 angues,

126 2641 297 2704 umbrarum
321 2640 436 2721 lamuli,
458 2641 567 2720 linguis
589 2659 716 2721 rapuere
740 2643 882 2702 coruscis.

169 2730 317 2790 Continuo
339 2747 470 2808 puppem
492 2737 596 2809 petere
619 2739 649 2791 et
673 2729 828 2790 considere
847 2729 987 2790 transtris

124 2822 251 2899 imperat
274 2816 450 2895 Ampycides
472 2835 529 2878 nec
551 2821 652 2879 uisum
674 2825 794 2879 uertere
817 2827 930 2878 terrae:

125 2907 290 2969 exciderint
313 2922 388 2982 quae
411 2915 494 2984 gesta
517 2924 619 2987 manu,
642 2925 718 2985 quae
741 2906 840 2967 debita
863 2905 939 2966 latis.

124 2996 166 3057 illi
190 2995 302 3055 alacres
324 3010 394 3071 pars
413 3011 493 3055 arma
517 2994 627 3076 locant,
649 3013 719 3074 pars
742 2995 834 3056 ardua
858 2993 946 3054 celsis

124 3088 297 3145 insternunt
319 3080 449 3144 tabulata
472 3086 546 3145 toris
567 3085 722 3163 oriturque
746 3091 926 3145 trementum

125 3190 278 3233 remorum
302 3188 393 3231 sollus
416 3180 447 3233 et
469 3173 562 3234 laetae
585 3172 744 3233 concordia
767 3175 860 3234 uocis

125 3262 259 3341 luppiter
281 3266 438 3337 urgentem
461 3278 517 3323 ceu
540 3279 654 3322 summa
678 3260 824 3322 Ceraunia
847 3259 957 3321 nubem

126 3369 195 3412 cum
218 3348 333 3429 pepulit
355 3341 509 3429 mouitque
533 3351 624 3430 iugis,
647 3349 758 3410 fulsere
781 3356 904 3428 repente

124 3448 156 3499 et
178 3440 270 3498 maria
293 3445 323 3498 et
345 3439 460 3518 scopuli
478 3438 649 3517 nitidusque
673 3438 828 3499 reducitur
850 3435 966 3498 aethera

110 3529 161 3584 sic
182 3529 280 3588 anbnr‘
298 3523 421 3590 rediere
446 3529 535 3611 uiris,
553 3529 673 3608 iamque
695 3529 761 3607 ipse
783 3527 923 3604 magister
