2384 3878
343 186 637 244 ARGONAUTICON
654 187 764 243 LIBER
781 189 816 244 V.

71 340 202 400 carmina
225 339 298 417 quin
321 341 410 398 etiam
432 340 523 398 uisos
536 337 683 416 placantia
704 356 806 409 manes

71 427 215 508 Odrysius
239 426 300 499 dux
318 428 380 488 *rite
403 434 506 487 monet
527 428 681 505 mixtoque
704 434 860 487 sonantem

71 518 202 596 percutit
225 526 277 576 ore
301 515 394 594 lyram
416 533 583 594 nomenque
607 515 749 594 relinquit
771 516 899 577 harenis,

115 604 223 666 Acrius
245 606 277 665 in
300 622 400 665 remos
422 604 512 665 rediit
534 607 620 686 ratis,
643 623 676 664 ac
701 606 775 683 fugit
798 622 886 665 omne

74 692 202 755 Crobiali
224 693 302 754 latus
325 702 356 753 et
379 694 447 754 latis
470 693 537 773 tibi,
561 693 669 774 Tiphy,
692 701 833 772 negatum

71 780 278 864 Parthenium,
302 791 370 842 ante
395 782 468 841 alios
491 782 610 841 Triuiae
635 784 687 859 qni
710 782 844 843 creditur
867 785 962 844 amnis

71 870 148 932 lidus
171 879 202 932 et
225 871 310 950 lnopi
332 878 466 930 materna
489 872 601 948 gratior
624 869 710 930 tmda.

70 978 139 1022 mox
161 961 252 1020 etiam
275 960 419 1019 Cromnae
442 961 511 1037 iuga
533 958 752 1038 pallentemque
776 959 906 1038 Cytoron
961 994 968 1006 ·

71 1056 161 1128 teque
179 1050 238 1109 cita
260 1051 379 1127 penitus
403 1047 548 1128 condunt,
569 1047 705 1128 Erythia,
729 1050 837 1108 carina.

70 1140 187 1216 iamque
211 1136 374 1198 reducebat
395 1145 514 1197 noctem
536 1137 636 1216 polus:
659 1136 716 1196 alta
739 1135 890 1197 Carambis

70 1226 186 1287 raditur
209 1234 239 1287 et
262 1243 384 1304 magnae
406 1226 511 1305 pelago
533 1227 634 1286 tremit
657 1225 762 1286 umbra
786 1226 920 1305 Sinopes.

70 1314 207 1394 Assyrios
230 1313 372 1393 conplexa
395 1316 480 1374 sinus
502 1323 561 1375 stat
584 1317 681 1393 opima
705 1315 823 1396 Sinope,

70 1403 198 1483 nympha
220 1406 304 1483 prius
328 1402 511 1480 blandosque
535 1403 614 1477 lonis
638 1420 712 1480 quae
736 1403 849 1463 luserat
870 1406 955 1482 ignes
1032 1417 1085 1466 110

71 1492 218 1553 mebrohs
241 1495 363 1551 immota
385 1492 498 1570 procis:
522 1491 665 1570 deceptus
689 1484 800 1552 amatae

70 1581 173 1642 fraude
197 1581 269 1641 deae
293 1599 348 1641 nec
372 1580 453 1640 solus
475 1579 564 1659 llalys
587 1598 643 1640 nec
667 1580 748 1641 solus
771 1579 883 1660 Apollo.

113 1668 234 1729 Addidit
256 1669 304 1729 hic
328 1688 399 1729 casu
423 1671 548 1729 comites
571 1669 702 1730 Fortuna
725 1669 853 1748 benigno

69 1758 246 1838 Autolycum
268 1757 483 1836 Phlogiumque
508 1765 538 1817 et
561 1757 727 1839 Deileonta,
751 1767 870 1819 secutos

69 1846 206 1931 Herculis
230 1865 310 1906 arma
333 1848 429 1925 nircs;
452 1863 546 1923 uagus
569 1845 624 1904 hos
646 1845 688 1906 ihi
711 1847 816 1906 linerat
839 1863 932 1907 error.
1033 1856 1087 1907 115

69 1944 103 1997 ut
126 1935 244 1996 Craiam
266 1935 370 1996 nidere
394 1952 515 1995 manum
537 1938 726 2013 puppemque
749 1934 911 2016 Pelasgam,

69 2026 164 2104 prima
186 2031 280 2085 ruunt
302 2024 415 2085 celeres
439 2022 475 2083 ad
498 2023 585 2083 litora
608 2042 700 2102 seque
723 2033 884 2103 precantur

69 2115 214 2193 accipiant
238 2115 344 2174 socios,
390 2131 468 2174 noua
491 2113 552 2173 dux
575 2113 716 2173 accedere
741 2112 849 2191 gaudet

69 2205 189 2263 nomina
212 2201 347 2262 desertos
371 2209 401 2262 et
424 2204 482 2262 iam
506 2200 562 2261 sibi
586 2220 708 2261 currere
732 2219 840 2261 remos.

68 2292 177 2352 transit
198 2290 287 2370 Halys
310 2290 464 2369 longisque
488 2289 585 2350 fluens
608 2289 799 2351 amfractibus
823 2289 879 2349 lris
1032 2300 1087 2351 120

70 2397 217 2458 meusque
241 2379 431 2439 Thermodon
455 2379 552 2439 medio
576 2380 636 2440 sale
659 2398 814 2440 murmura
836 2379 972 2460 uoluens,

69 2467 198 2529 Gradiuo
223 2486 307 2528 sacer
331 2477 361 2528 et
384 2468 487 2547 spoliis
510 2468 673 2530 ditissimus
696 2471 800 2549 amnis,

69 2556 160 2618 donat
182 2575 290 2637 equos,
313 2556 403 2617 donat
426 2564 512 2617 notas
535 2559 584 2617 cui
607 2559 693 2634 uirgo
717 2575 848 2637 secures,

69 2664 138 2707 cum
161 2645 239 2706 redit
262 2646 377 2723 ingenti
399 2663 453 2722 per
478 2644 582 2722 Caspia
605 2645 734 2704 claustra
758 2643 919 2725 triumpho,

67 2733 252 2814 Massageten
275 2733 453 2810 Medumque
477 2732 606 2792 trahens.
654 2740 700 2792 est
722 2732 796 2793 dura
818 2749 959 2815 propago,

69 2824 221 2901 sanguinis
245 2831 291 2883 est
314 2822 380 2882 ollis
403 2823 520 2901 genitor
544 2821 627 2882 dens.
673 2821 743 2882 hinc
766 2824 859 2900 magis
882 2820 941 2882 alta

68 2910 268 2971 Haemonidae
291 2918 394 2991 petere
419 2919 448 2971 et
471 2913 602 2971 monitus
625 2929 685 2970 non
709 2919 843 2971 temnere
866 2910 979 2970 Phinei.

67 3001 135 3149 ts
156 3003 614 3166 tererestereres
630 3000 914 3059 ‘r

275 3109 296 3149 u
357 3108 398 3168 pn

69 3171 217 3237 ‘Herculis
240 3196 321 3238 arma
344 3180 403 3236 mei
426 3184 601 3256 uestrasque
625 3178 655 3236 in
679 3176 765 3237 litore
789 3175 891 3237 Martis
1031 3187 1087 3237 13⁰

67 3266 182 3327 interea
205 3274 368 3326 memorate
392 3261 517 3326 manns?
565 3268 606 3326 sic
630 3266 709 3325 latur
733 3274 764 3325 et
786 3283 875 3344 aegro

68 3355 158 3415 corde
182 3354 273 3415 silens
296 3355 378 3415 audit
402 3374 509 3415 cursus
532 3353 663 3433 bellique
686 3353 804 3414 labores

67 3445 206 3524 turginei,
229 3444 374 3505 exciderit
396 3445 489 3505 irenis
512 3462 587 3522 quae
610 3445 706 3523 prima
727 3445 870 3524 remissis,

69 3534 273 3593 semianimem
294 3535 412 3612 patrius
435 3552 526 3615 qnam
548 3535 698 3615 sanguine
716 3533 848 3593 nexerit
865 3532 985 3601 amuis,
