2384 3878
317 192 608 249 ARGONAUTICON
624 192 735 249 LIBER
752 194 800 253 IV.
1026 197 1071 261 79

49 341 130 400 sicut
151 344 290 421 prorupti
313 344 413 419 tonuit
433 361 503 403 cum
525 343 602 404 sorte
626 341 733 404 Veseui

48 427 212 507 Hesperiae
235 430 331 491 letalis
354 449 442 512 apex,
460 431 583 494 uixdum
605 434 691 511 ignea
713 440 845 493 montem

48 519 139 577 tersit
157 517 273 598 hiemps
295 521 414 598 iamque
438 538 507 580 eoas
530 521 606 580 cinis
629 520 726 581 induit
748 520 853 584 urbes:

48 605 170 667 turbine
194 609 237 667 sic
260 607 363 687 rapido
385 607 512 688 populns
535 608 631 688 adque
654 627 783 688 aequora
805 609 892 690 longe
1015 623 1071 674 510-

49 693 259 777 transaheunt‚
282 696 422 776 mellaque
444 697 532 758 datur
556 697 712 758 considere
734 706 824 759 terra.

48 786 168 863 iamque
193 791 222 845 et
245 784 282 845 ad
303 783 380 845 lonii
401 784 616 864 metas-adque
639 787 743 848 intima
765 787 893 848 tendunt

49 890 132 952 saxa3
155 880 243 934 uocat
266 875 365 953 magni
388 873 570 953 Strophadas
592 893 673 936 nunc
696 875 792 935 inecla
814 879 907 955 penti.

48 962 99 1022 hic
122 961 218 1022 fessae
240 963 353 1040 letique
376 970 458 1023 metu
481 965 631 1043 propioris
654 963 776 1024 anhelae

48 1049 122 1110 dum
144 1049 294 1129 trepidant
315 1051 480 1130 humilique
503 1069 611 1130 graues
634 1051 797 1131 timidoque
820 1053 923 1114 uolatu
1013 1066 1068 1115 515

47 1138 200 1217 inplorant
222 1139 350 1200 clamore
372 1147 488 1219 patrem
511 1140 652 1220 Typhona
675 1140 812 1222 nefande,
1120 1149 1124 1154 ’

49 1227 156 1288 extulit
178 1227 342 1307 adsurgens
365 1236 484 1290 nectem
506 1237 591 1308 pater
614 1231 732 1308 imaque
756 1233 881 1290 summis

47 1318 181 1398 miscuit,
205 1324 235 1378 et
258 1317 363 1377 mediis
386 1336 446 1377 uox
469 1317 605 1378 exaudita
628 1317 779 1389 tenebris:

48 1399 119 1464 ‘iarn
142 1407 214 1466 satis
236 1406 296 1466 huc
318 1405 468 1485 pepulisse
491 1404 573 1466 dense
616 1425 671 1466 cur
694 1407 815 1467 tenditis
838 1407 917 1467 ultra
943 1482 947 1489 ,

49 1496 80 1553 15
105 1493 228 1554 lamulas
252 1495 369 1555 saeuire
392 1493 485 1575 15515,
508 1513 595 1576 quas,
618 1495 742 1555 hdmina
765 1514 946 1574 quamquam
1013 1509 1070 1559 520

48 1581 210 1661 aegidaque
233 1583 283 1645 ille
306 1600 428 1664 gerens,
451 1601 571 1662 magnas
594 1582 650 1644 sibi
672 1583 745 1663 legit
766 1586 798 1645 in
821 1580 905 1644 iras?

47 1690 129 1731 nunc
152 1689 271 1750 qaoque
294 1673 457 1751 Agenoreis
479 1672 559 1733 idem
582 1672 727 1733 decedere
750 1675 838 1733 tectis

47 1763 188 1840 imperat3
212 1760 397 1840 adgnoscunt
419 1763 550 1821 monitus
573 1763 730 1839 iussaeque
754 1761 907 1822 recedunt.
956 1803 957 1806 κ
1021 1766 1022 1770 ’

46 1867 117 1908 mex
140 1857 239 1909 tamen
263 1858 293 1909 et
316 1848 401 1909 uehis
425 1849 528 1909 similis
552 1850 634 1930 luga,
657 1868 725 1910 cum
747 1857 864 1929 premet
887 1868 974 1910 arcus

48 1938 157 1999 letifer.
201 1936 348 2018 Harpyiae
372 1955 541 2016 numquam.
557 1956 617 1998 555
639 1937 747 2017 pabula
770 1947 924 2019 quaerent,
1013 1950 1069 2000 525·

47 2027 144 2086 donec
167 2035 257 2087 erunt
279 2027 384 2087 diuum
405 2029 529 2086 meritae
552 2026 727 2088 mortahbus
749 2021 832 2087 irae'

46 2115 145 2176 haesit
166 2123 292 2194 uterque
315 2115 384 2195 polo
407 2114 565 2194 dubiisque
589 2115 720 2194 elanguit
742 2115 809 2195 alis3

46 2223 117 2266 mox
139 2203 200 2265 abit
224 2211 254 2264 et
277 2207 374 2265 seciae
397 2206 494 2265 uictor
516 2207 598 2284 petit.
615 2206 730 2283 agmina
752 2203 849 2284 puhis.

92 2293 213 2353 interea
235 2293 349 2373 Minyae
372 2292 457 2372 pulsa
479 2293 528 2354 luc
551 2294 652 2373 prima.
670 2294 784 2353 tonanti

47 2399 132 2442 sacra
155 2389 280 2462 nouant3
299 2389 364 2442 tum
386 2383 457 2442 uina
480 2383 554 2442 teris
578 2382 739 2462 epulasque
762 2391 920 2461 reponunt.
1011 2393 1070 2445 555

46 2474 111 2550 ipse
135 2471 351 2532 intermedius
374 2489 430 2531 eeu
453 2470 549 2532 dulcis
572 2472 699 2550 imagine
722 2473 819 2531 somni

46 2559 143 2620 laetus
167 2559 202 2619 ad
226 2559 334 2620 oblitae
358 2558 476 2619 Cereris
500 2561 630 2638 suspirat
651 2558 795 2639 honeres;

46 2650 181 2727 agnoscit
202 2647 311 2708 Bacchi
334 2647 446 2728 latices,
469 2649 603 2725 agnoseit
625 2654 655 2706 et
677 2645 788 2707 nudam

47 2744 79 2797 et
102 2755 179 2797 5555
204 2755 263 2796 555
285 2734 410 2815 pauidae
433 2737 559 2796 miratur
582 2735 688 2813 gaudia
711 2752 839 2796 mensae.

46 2824 128 2886 hunc
152 2824 203 2885 uhi
226 2824 369 2886 reclinem
391 2825 493 2886 stratis
516 2832 547 2884 et
568 2842 641 2904 pace
665 2824 814 2884 fruentem
1010 2834 1062 2885 555

46 2915 153 2993 aspicit
176 2921 206 2974 et
227 2914 331 2992 longae
355 2913 515 2976 ducentem
538 2911 647 2974 ohhuia
669 2931 791 2995 poenae,

46 3001 157 3064 tahbus
181 3002 308 3082 appellat
331 3004 514 3084 supplexque
538 3004 579 3061 ita
602 3003 688 3062 latur·
703 3001 808 3066 lason:

47 3087 143 3172 ‘ucta‚
167 3110 272 3173 senen,
294 3093 428 3172 perlecta
450 3089 518 3170 tihi3
541 3109 620 3151 nunc
643 3108 691 3150 me
714 3108 833 3168 qunque
857 3091 938 3150 curis

46 3181 129 3260 eripe
154 3188 184 3241 et
203 3179 238 3240 ad
261 3187 381 3241 nestros
403 3182 535 3240 animum
558 3186 701 3240 conuerte
723 3177 848 3239 leheres,

45 3271 143 3330 omnis
167 3268 264 3330 adhue
286 3288 352 3330 sors
375 3269 452 3330 laeta
474 3267 608 3349 quidem,
631 3286 687 3328 nec
710 3269 831 3328 numine
854 3285 933 3328 uano
1009 3279 1071 3330 545

45 3351 146 3439 (siqua
169 3357 243 3418 sides
266 3376 356 3419 curae
379 3349 536 3438 superum)
560 3364 676 3418 tantum
698 3374 810 3434 aequor
832 3355 934 3417 adorti*

45 3447 209 3528 tendimus3
231 3449 296 3526 ipsa
318 3447 391 3509 mihi
413 3465 545 3527 puppem
567 3445 648 3507 louis
671 3446 782 3524 optima
805 3445 904 3524 proles

45 3537 188 3617 instituit,
211 3534 292 3596 dedit
316 3543 346 3596 et
368 3538 465 3597 socies
489 3535 630 3597 Saturnia
651 3552 753 3615 reges.
