2384 3878
110 196 173 263 102
450 199 480 255 c.
499 198 636 254 00000
654 198 784 254 rancor
894 268 897 274 ,

105 349 234 430 subligat
256 357 287 410 ct
310 351 415 410 stricto
439 356 497 410 stat
519 351 673 428 proximus
697 352 825 430 armiger
848 368 929 430 arcu,

106 458 161 500 ceu
184 457 314 519 pugnam
336 445 422 519 paret
445 445 476 499 et
497 441 610 518 positas
634 439 818 500 contundere
840 435 992 502 mensas?'
1070 452 1122 504 500

106 535 210 590 contra
232 528 408 608 flammigeri
430 527 530 608 proles
552 528 674 589 Perseia
698 527 774 589 Solis

107 613 209 698 ‘quem
232 620 358 700 rogitas,
383 611 547 678 Carmelus’
572 619 624 698 ait;
648 613 724 678 ‘mos
749 619 915 678 comminus
938 636 1019 680 arma

106 725 224 787 semper
246 706 357 768 habere
380 709 461 789 uiro,
485 725 603 786 semper
625 709 796 768 meminisse
819 701 997 786 pharetrae?

107 791 213 857 ‘illum’
238 797 278 857 ait
300 796 463 858 Aesonides
483 792 607 875 ‘pariter
629 797 720 877 refer,
742 796 864 857 horrida
887 798 980 876 signis

106 887 156 947 cui
179 884 309 965 chlamys
332 892 363 946 ct
385 885 477 947 multa
501 888 594 965 spirat
616 903 700 947 coma
722 885 828 946 flexilis
852 880 944 946 aura?
1071 897 1123 948 585

105 975 230 1054 respicit
252 974 359 1036 Aeetes
383 975 479 1054 adque
502 975 583 1036 hunc
607 993 725 1053 quoque
749 976 869 1035 nomine
893 974 1004 1037 reddit:

105 1057 202 1124 ‘diues
225 1062 319 1145 dron3
343 1082 466 1125 croceos
490 1064 533 1124 sic
556 1063 635 1124 illius
659 1065 755 1124 omnis
779 1062 886 1123 odores

105 1154 196 1213 iactat
219 1171 325 1235 eques,
348 1154 466 1214 cunctis
489 1155 533 1212 sic
556 1160 603 1212 est
626 1170 710 1213 coma
733 1151 812 1212 culta
835 1151 986 1232 maniplis:

105 1241 158 1301 sed
182 1259 219 1302 nc
243 1259 351 1320 sperne
375 1243 476 1302 uirum
500 1249 529 1301 et
552 1243 678 1320 comptis
702 1240 802 1301 diffide
826 1240 947 1320 capillis

106 1328 268 1410 Campesus
290 1330 340 1391 hic
363 1330 465 1410 spoliis
487 1331 520 1391 in
542 1330 673 1411 tigridis;
695 1329 745 1390 ille
767 1329 917 1409 profundo
1071 1342 1123 1394 500

104 1418 282 1480 incumbens
305 1418 438 1481 Odrussa
460 1437 558 1500 mero;
581 1419 650 1480 uide
673 1419 733 1480 lata
755 1425 923 1480 comantem

103 1517 227 1587 pectora
249 1517 279 1569 et
301 1511 415 1588 ingenti
438 1507 607 1569 turbantem
630 1508 738 1589 pocula
760 1503 873 1569 barba'

103 1595 185 1657 huno
209 1605 239 1658 et
261 1597 398 1658 laxarten
421 1597 509 1658 dictis
533 1604 634 1676 stupet
656 1597 765 1677 hospes
790 1596 905 1657 acerbis
964 1648 968 1653 .

104 1686 287 1747 inmodicum
309 1685 469 1766 linguaque
493 1702 627 1767 grauem,
651 1688 701 1746 cui
723 1685 816 1746 multa
838 1687 966 1752 minanti,

104 1792 166 1835 non
189 1793 345 1857 superum,
368 1794 429 1836 non
452 1777 619 1854 praesentis
642 1776 813 1836 reuerentia
835 1774 957 1836 Phoebi.
1072 1786 1123 1837 505

106 1872 210 1924 contra
233 1872 332 1925 autem
354 1864 460 1925 Aeetes
486 1860 557 1925 ‘non
580 1865 692 1925 frustra
714 1883 820 1943 magna
843 1864 972 1944 superbo

105 1952 184 2013 dicta
206 1949 319 2015 uolant'
343 1956 384 2014 ait
408 1949 450 2014 ‘et
473 1971 579 2015 uocem
602 1955 684 2032 paria
708 1971 789 2014 arma
812 1960 969 2033 secuntum

105 2059 161 2101 nec
185 2044 319 2124 requieS,
343 2044 416 2120 quin
439 2042 532 2103 Marte
556 2041 635 2133 diem
658 2048 836 2120 noctemque
860 2042 976 2122 fatiget3

106 2138 194 2210 atque
218 2129 270 2192 ubi
293 2130 425 2211 Riphaea
448 2137 628 2210 stupuerunt
650 2130 773 2191 flumina
796 2129 910 2212 bruma,

105 2221 165 2280 iam
187 2220 289 2298 pauidi
312 2237 381 2280 cum
403 2220 487 2299 prole
511 2219 615 2302 Getae,
637 2222 696 2280 iam
718 2220 846 2299 peruigil
868 2220 952 2280 illurn
1071 2232 1124 2282 000

105 2307 211 2368 Medus
234 2315 265 2369 et
288 2311 431 2388 oppositis
455 2316 592 2389 expectat
614 2308 735 2368 Hiberia
757 2309 904 2369 claustris.

105 2396 177 2475 quid
200 2394 357 2478 Latagum,
381 2396 452 2475 quid
475 2400 501 2457 si
524 2399 708 2475 amnigenam
731 2399 841 2457 mirere
866 2393 1044 2477 Choaspen?

105 2483 258 2546 bellatoris
282 2488 352 2564 equi
374 2492 528 2565 potantem
551 2504 641 2545 cerne
665 2503 802 2566 cruores,

105 2592 161 2635 nec
184 2582 284 2636 tamen
308 2576 439 2636 inmissis
463 2575 511 2635 hic
535 2577 655 2654 segnior
678 2573 732 2635 ibit
754 2573 886 2636 habenis.

106 2662 162 2724 hos
177 2671 277 2725 autem
292 2682 530 2744 quaequomque
545 2683 659 2746 manus,
683 2682 758 2743 quae
774 2667 857 2743 signa
871 2671 1043 2745 sequantur,
1072 2676 1125 2726 005

108 2754 134 2812 si
157 2771 334 2835 memorem,
358 2756 443 2832 prius
466 2761 618 2815 umentem
641 2753 691 2814 lux
715 2752 840 2814 soluerit
862 2751 1007 2813 umbram.

108 2860 174 2902 cras
198 2844 276 2902 acies
300 2849 388 2920 atque
412 2842 461 2901 illa
484 2842 594 2903 ducum
618 2860 684 2902 oras
707 2849 799 2920 'regna
822 2840 938 2902 uidebis

108 2930 240 3010 dissona,
264 2931 408 2991 saxiferae
433 2938 535 3010 surgat
559 2929 667 3010 quibus
690 2930 786 2991 imber
809 2929 951 3010 habenae,

107 3037 182 3098 quae
207 3020 303 3080 iaculo
327 3039 399 3099 gens
423 3028 491 3100 apta
513 3019 586 3101 leui,
611 3038 686 3098 quae
709 3022 790 3100 picta
812 3019 961 3099 pharetris

107 3109 234 3169 uenerit.
281 3111 417 3188 ingentes
441 3111 539 3169 animo
562 3111 621 3169 iam
642 3111 781 3189 prospice
806 3126 933 3195 campos
1076 3122 1129 3172 010

107 3203 197 3275 atque
220 3197 296 3257 hanc
320 3194 427 3276 alipedi
450 3198 618 3277 pulsantem
642 3215 768 3276 corpora
792 3216 885 3259 curru

107 3282 270 3367 Euryalen,
294 3285 403 3366 quibus
426 3287 539 3347 exultet
562 3287 707 3347 Mauortia
730 3289 836 3347 turmis

109 3380 140 3434 et
162 3380 306 3453 quantum
329 3375 407 3436 elata
429 3375 527 3435 ualeat
550 3374 660 3455 peltata
683 3377 792 3456 securi,

95 3462 270 3524 caremihi
292 3471 323 3524 et
348 3483 437 3526 ueras
461 3466 540 3526 inter
563 3482 624 3524 non
647 3464 750 3524 ultima
772 3458 877 3524 natas.’

76 3544 168 3607 latur
192 3558 224 3612 et
250 3554 386 3619 occiduo
411 3556 488 3620 libat
514 3563 635 3620 cratera
655 3554 785 3638 parenti.
1078 3565 1132 3615 sm
