2384 3878
112 189 176 256 154
457 188 486 246 O.
504 187 791 246 111111111111

108 338 263 400 Haemonii
282 338 430 400 thalamos
453 339 541 402 adeas
564 338 705 418 despecta
728 341 836 420 mariti,

109 436 155 490 tot
177 429 278 491 decuit
300 429 443 489 comitare
466 435 559 508 rates,
583 435 628 489 tot
651 427 766 507 fulgere
790 422 911 490 taedas?

153 517 273 578 Dixerat
295 525 384 597 atque
408 535 496 578 orans
518 519 608 578 iterat
631 534 790 596 remosque
813 518 965 597 uirosque,

111 624 225 687 perque
246 608 323 667 »ratis
346 605 486 685 supplent
508 607 589 684 regis
612 605 705 668 uerba
728 605 777 665 illa
800 607 942 684 magistri.

108 694 151 756 illi
174 702 274 756 autem
296 696 472 773 intorquent
494 696 609 755 truncis
633 693 841 755 frondentibus
864 693 983 776 undmn,

109 802 244 864 quaeque
268 783 315 844 die
339 784 437 845 iuerat
459 785 567 864 raptim
590 783 715 844 formata
739 782 879 844 subunc

109 882 140 936 et
162 880 279 935 tantum
302 872 418 933 deiecta
441 873 504 933 suis
527 891 543 933 1
567 870 718 933 montibus
742 871 831 932 arbor

108 955 196 1044 (quid
218 961 303 1024 dolor
326 969 356 1022 et
378 968 518 1022 ueterum
532 962 634 1041 potuit
655 979 716 1021 111
739 963 784 1020 111
807 955 979 1042 1111111111)

108 1050 187 1112 haud
209 1051 306 1130 longis
328 1052 386 1110 iam
409 1049 499 1112 distat
521 1051 616 1132 aquis,
636 1052 835 1129 sequiturque
859 1049 1010 1110 uolantem

106 1137 234 1200 barbara
255 1138 414 1199 Palladiam
436 1157 568 1219 puppem
582 1139 672 1219 ratis,
695 1140 770 1198 ostia
792 1138 888 1199 donec

108 1227 235 1288 Danubii
257 1226 445 1306 uiridcmque
469 1227 572 1288 uident
595 1235 663 1288 ante
687 1229 763 1288 ostia
780 1226 910 1307 Peucen,

107 1317 270 1395 ultimaque
293 1315 478 1395 adgnoscunt
500 1315 590 1395 Argoi
613 1334 726 1376 cornua
748 1316 825 1377 mali.

75 1443 79 1446 -
107 1414 268 1467 tumuere
292 1404 451 1466 clamorem
474 1422 578 1465 omues
600 1406 779 1484 inimicaque
802 1403 911 1465 tollunt

109 1494 228 1575 gaudia,
246 1501 316 1554 tum
338 1496 459 1573 grauior
480 1495 572 1558 nemis
595 1494 704 1575 fragor,
727 1501 761 1554 ut
783 1492 889 1572 procul
912 1493 990 1572 Argo

107 1585 279 1662 1111111111,
302 1600 451 1660 unamque
474 1590 582 1661 petunt
604 1589 700 1644 rostra
724 1584 822 1643 omnia
845 1599 985 1661 puppem.

106 1674 248 1751 princeps
270 1670 406 1731 narralem
427 1669 533 1733 nodosi
555 1669 672 1730 roboris
695 1689 807 1731 uncum
920 1672 922 1675 ’

108 1761 213 1840 arripit
236 1767 266 1819 et
288 1758 376 1838 longa
398 1758 507 1839 Styrus
529 1766 703 1840 prospectat
724 1758 762 1820 ab
785 1759 873 1840 unda,

108 1850 245 1928 coniugio
268 1855 357 1927 atque
380 1850 490 1909 iterum
509 1867 639 1928 sponsae
662 1848 829 1912 flammatus
852 1866 962 1908 amore.

107 1939 223 2017 iamque
248 1935 296 1996 alii
319 1936 430 2016 clipeos
454 1944 484 1998 et
506 1937 565 1998 tela
587 1935 711 1998 trabalia
734 1937 847 1999 deutris

10 2090 18 2098 ,
100 2025 282 2105 expediunt,
306 2033 421 2086 armant
443 2025 492 2086 alii
509 2027 590 2105 picis
612 2028 745 2106 unguine
765 2025 908 2087 tlammas.

106 2115 254 2194 inpatiens
277 2116 379 2175 tremit
400 2114 485 2175 basta
500 2133 622 2196 morae,
645 2133 702 2175 noc
721 2114 842 2194 ¹longius
865 2116 953 2196 inter,

107 2210 196 2284 quam
219 2202 298 2283 quod
321 2203 380 2264 tela
402 2211 500 2284 uetat,
523 2211 662 2284 superest
677 2222 773 2264 amare.
819 2202 945 2265 uocibus
969 2220 1029 2282 urg«

105 2293 221 2353 interea
243 2299 273 2351 et
295 2291 421 2371 pedibus
442 2291 563 2372 pulsant
584 2291 714 2354 tabidata
731 2293 908 2352 trementes.

152 2378 226 2440 Cum
250 2378 363 2440 subitas
387 2379 489 2440 uidere
512 2388 593 2441 rates
616 2381 791 2460 ulbrataque
813 2380 939 2441 tlammis

107 2485 245 2548 aequora,
268 2485 328 2528 non
351 2467 411 2529 ulla
432 2468 548 2548 Minyae
567 2469 730 2530 tormidine
750 2476 890 2550 surgunt,
943 2541 957 2555 ..

106 2560 221 2636 primus
244 2558 329 2618 etin
351 2575 484 2637 puppem
504 2557 624 2619 deserta
646 2560 764 2638 uirgine
787 2558 895 2619 ductor

107 2645 224 2725 prosilit
248 2653 278 2707 et
300 2646 415 2707 suinma
437 2645 550 2725 galeam
573 2649 650 2727 rapit
671 2647 750 2709 altus
773 2646 810 2707 ab
832 2645 925 2726 basta,

106 2753 177 2796 ense
201 2734 289 2795 simul
312 2734 466 2814 clipeoque
489 2737 592 2816 micat3
615 2754 671 2797 nec
694 2744 794 2796 cetera
811 2734 907 2816 pubes

106 2826 227 2903 segnius
250 2823 380 2903 adreptis
403 2825 434 2883 in
457 2823 544 2884 litore
568 2827 702 2886 constitit
724 2826 823 2886 armis.

106 2920 136 2973 at
158 2910 214 2973 tibi
237 2928 312 2991 quae
337 2911 485 2972 scelerum
507 2912 608 2994 iacies,
623 2912 742 2994 Medea,
765 2908 908 2974 tuorum?

105 3003 211 3080 quisue
234 2999 332 3080 pudor
351 2999 477 3061 Colchos
496 3002 608 3062 iterum
630 3001 813 3082 fratremque
837 3000 951 3062 uidenti

106 3088 251 3169 quidquid
276 3097 306 3150 et
329 3088 478 3150 abscisum
500 3098 586 3151 uasto
609 3093 667 3152 iam
690 3098 755 3152 tuta
777 3089 925 3169 profundo

88 3174 297 3238 credideras?
320 3195 391 3256 ergo
408 3178 543 3239 infausto
567 3197 632 3240 sese
657 3179 767 3240 occulit
789 3187 884 3258 antro,

106 3284 166 3326 non
189 3264 269 3326 aliud
293 3284 381 3345 quam
405 3274 487 3328 certa
509 3269 595 3348 mori,
618 3286 672 3328 seu
696 3287 784 3329 carus
807 3267 893 3328 lason

104 3373 159 3416 seu
182 3355 276 3415 irater
292 3353 385 3414 Graia
408 3357 507 3416 uictus
530 3355 688 3419 cecidisset
710 3356 746 3417 ab
764 3356 861 3417 basta.

139 3441 233 3504 Haud
252 3444 295 3504 ita
319 3443 374 3504 sed
399 3445 499 3526 segnis
523 3462 639 3519 summo
663 3446 746 3507 sedet
768 3445 889 3506 aethere
914 3443 990 3506 luno

76 3536 134 3587 aut
156 3533 235 3594 111111
257 3541 401 3597 extrema
423 3534 545 3620 Minyas
569 3536 737 3601 decernere
757 3552 870 3614 pugna,
