2384 3878
358 201 651 260 ARGONAUTIOON
668 204 778 258 LIBER
795 205 828 258 Π,
1057 202 1100 266 41
1183 274 1185 279 ,

86 355 222 433 donaque
246 351 325 415 dicta
348 349 461 414 leram'
507 361 572 415 tum
595 372 668 415 uero
691 353 778 433 plura
801 356 914 414 uocatis

87 444 190 504 adnuit
211 441 261 503 ille
286 443 357 503 deis.
380 444 528 522 promissa
550 443 640 503 infida
663 444 782 522 tyranni

86 535 144 593 iam
167 530 300 612 Phryges
324 539 353 591 et
376 533 503 592 miserae
525 531 636 592 flebant
659 531 830 593 discrimina
853 529 969 592 Troiae.

129 620 275 681 Panditur
296 620 366 681 hinc
389 622 460 681 totis
483 623 515 681 in
538 629 657 682 noctem
679 619 820 681 carbasus
844 618 906 700 alis,

85 711 231 788 litoraque
256 718 286 769 et
305 711 417 769 ueteris
440 709 573 771 tumulus
595 709 778 789 praelabitur
800 709 835 769 Ili
1049 720 1104 770 580

86 798 311 877 Dardaniusque
334 805 433 877 pater3
452 798 535 876 uigili
558 799 647 860 simul
670 800 768 859 omnia
791 798 860 859 ludo

86 889 162 948 festa
180 886 296 967 uident3
319 887 389 946 hinc
413 887 492 947 unda
515 888 608 947 sacris
630 887 700 947 hinc
723 886 842 965 ignibus
866 885 916 945 lde

85 975 186 1037 uibrat
209 984 239 1037 et
260 976 435 1036 horrisonae
459 975 641 1054 respondent
664 976 792 1055 Gargara
815 974 903 1036 buxo.

85 1065 155 1125 inde
179 1064 231 1125 ubi
253 1067 311 1125 iam
334 1063 424 1124 medii
447 1072 572 1125 tenuere
596 1064 712 1125 silentia
734 1067 819 1143 ponti
911 1101 916 1110 ·

86 1154 307 1232 stridentesque
330 1156 435 1213 iuuant
458 1171 560 1234 aurae,
582 1152 709 1214 Phrixea
733 1152 872 1213 subibant
1050 1162 1104 1211 585

86 1260 216 1322 aequora
239 1249 270 1302 et
292 1249 432 1321 angustas
456 1242 604 1321 (quondam
628 1245 691 1303 sine
715 1244 834 1303 nomine
858 1241 968 1300 lauces.

86 1350 156 1392 ecce
180 1338 279 1391 autem
301 1333 396 1409 prima
419 1330 573 1392 uolucrem
596 1331 651 1391 sub
674 1331 741 1391 luce
764 1330 921 1390 dehiscens

86 1423 195 1481 terruit
218 1418 298 1480 unda
321 1426 428 1499 ratem,
452 1421 616 1498 uittataque
641 1421 774 1480 constitit
796 1418 889 1498 Helle,

86 1512 145 1568 iam
168 1508 304 1586 Panopes
328 1507 522 1587 Thetidisque
546 1526 645 1588 soror,
668 1511 786 1586 iamque
810 1525 900 1567 aurea
921 1505 1006 1567 laeua

86 1605 205 1677 sceptra
215 1605 330 1659 tenens.
348 1603 413 1656 tum
423 1598 530 1657 sternit
544 1615 635 1675 aquas
645 1615 846 1676 proceresque
855 1596 1022 1675 ducemque
1050 1606 1104 1655 590
1165 1646 1168 1651 1

87 1688 193 1766 aspicit
215 1693 246 1746 et
267 1685 390 1765 placidis
414 1685 560 1764 conpellat
582 1685 686 1746 lasona
709 1686 804 1746 dictis.

87 1771 128 1836 ‘te
153 1793 272 1854 quoque
295 1773 331 1835 ab
355 1773 525 1834 Haemoniis
548 1770 650 1852 ignota
672 1793 727 1852 per
751 1792 880 1853 aequora
904 1774 994 1833 terris

86 1882 177 1943 regna
196 1864 304 1923 infesta
328 1862 418 1923 domu
442 1863 567 1941 latisque
592 1862 738 1923 similhma
760 1865 872 1922 nostris

87 1953 146 2013 lata
170 1953 284 2031 lerunt3
307 1953 418 2011 iterum
441 1950 558 2011 heohos
581 1950 713 2012 Fortuna
735 1958 858 2030 penates

87 2044 200 2121 spargit
223 2049 253 2101 et
275 2039 378 2100 infelix
403 2039 575 2119 Scythicum
598 2059 671 2119 gens
695 2042 837 2119 quaeritis
861 2056 986 2099 amnem.
1050 2048 1104 2098 595

87 2138 172 2191 uasta
195 2148 286 2209 super
309 2128 411 2210 tellus,
434 2127 555 2207 longum
580 2122 632 2210 (ne
656 2128 748 2189 defice
773 2120 901 2208 coeptis)

87 2237 212 2299 aequor,
236 2219 352 2296 etipse
375 2217 493 2298 procul,
516 2236 623 2278 uerum
647 2217 727 2278 dabit
750 2218 826 2277 ostia
848 2216 961 2276 Phasis.

86 2307 135 2367 hic
159 2325 264 2368 nemus
288 2325 429 2366 arcanum
452 2308 645 2384 geminaeque
668 2305 837 2366 uirentibus
861 2322 928 2364 arae

88 2403 167 2457 stant
190 2395 324 2475 tumulis3
348 2395 396 2455 hic
419 2396 514 2473 prima
537 2397 585 2474 pia
608 2394 761 2456 sollemnia
782 2394 893 2455 Phrixo

87 2485 163 2545 ferte
187 2502 276 2545 manu
300 2484 469 2564 cinerique,
492 2501 613 2564 precor,
636 2502 702 2544 mea
724 2484 840 2544 reddite
864 2483 955 2544 dicta:
1050 2494 1104 2544 500

88 2592 148 2633 non
172 2592 226 2652 ego
249 2591 305 2652 per
328 2572 446 2652 Stygiae
470 2572 549 2650 quod
573 2590 641 2632 rere
665 2572 782 2633 silentia
804 2574 895 2652 ripae,

87 2662 194 2743 frater,
218 2680 303 2740 agor3
327 2660 439 2720 frustra
463 2662 550 2720 uacui
573 2663 717 2720 scrutaris
740 2660 861 2740 Auerni,

87 2768 170 2831 care,
193 2752 265 2811 trias.
289 2767 387 2828 neque
412 2750 491 2808 enim
515 2746 645 2827 scopulis
668 2767 716 2809 me
739 2757 770 2809 et
792 2747 932 2809 lluetibus
955 2753 1050 2808 actam

88 2840 198 2918 frangit
220 2840 349 2918 hiemps3
373 2837 464 2898 celeri
488 2837 634 2917 extemplo
657 2837 777 2898 sadriere
801 2844 937 2899 ruentem

88 2927 250 3007 Cymothoe
273 2925 461 3005 Glaucusque
485 2945 588 3007 manu3
610 2934 696 3006 pater
718 2929 782 3006 ipse
805 2926 947 3005 profundi
1050 2934 1104 2985 505

86 3016 141 3077 has
165 3018 253 3077 etiam
272 3016 372 3096 sedes,
395 3015 468 3075 haec
492 3017 613 3075 numine
637 3016 758 3077 tradidit
782 3034 875 3094 aequo

86 3123 180 3184 regna
203 3123 258 3166 nec
281 3104 361 3165 lnois
384 3111 488 3164 noster
511 3105 594 3164 sinus
618 3104 733 3164 inuidet
756 3098 865 3163 undis?

87 3194 215 3276 dixerat,
239 3202 269 3254 et
291 3200 421 3254 maestos
444 3192 602 3271 tranquilla
626 3192 682 3253 sub
705 3210 834 3271 aequora
856 3191 959 3253 uultus

88 3302 157 3344 curn
180 3285 291 3362 gemitu
316 3281 396 3362 tulit,
419 3290 453 3341 ut
475 3283 564 3360 patrii
586 3282 703 3341 rediere
727 3280 853 3341 dolores.

86 3380 151 3433 tum
174 3372 277 3452 pelago
301 3373 371 3432 uina
393 3372 555 3449 inuergens
579 3369 638 3430 dux
661 3369 769 3431 talibus
792 3369 870 3430 iniit:
1050 3379 1104 3430 010

87 3456 247 3521 ‘undarum
270 3460 362 3520 decus
386 3466 417 3521 et
439 3460 549 3539 gemla,
573 3457 710 3520 Cretheia
732 3460 827 3538 uirgo,

85 3550 183 3630 pande
206 3552 285 3610 uiam
309 3566 459 3627 cursuque
483 3555 552 3609 tuos
575 3566 645 3632 age,
667 3547 756 3632 diua,
774 3540 926 3609 secundo?
