2384 3878
415 711 451 795 Ο.
479 710 653 794 Vblllbl
681 709 844 794 dinoci
904 708 908 717 '
993 700 996 704 ’

292 888 958 991 ARGONAUTICON

430 1081 582 1147 LIBER
605 1080 829 1147 TERTIUS.

120 1423 222 1484 Tertia
245 1425 303 1484 iam
326 1422 437 1502 gelidas
461 1421 599 1482 Tithonia
622 1421 754 1482 soluerat
775 1421 897 1482 umbras

122 1518 305 1590 exueratque
329 1509 444 1591 polum;
467 1509 583 1589 Tiphyn
606 1509 720 1589 placida
743 1509 800 1571 alta
822 1509 978 1573 uocabant.

121 1603 145 1661 it
167 1601 255 1661 tectis
278 1598 375 1679 Argoa
397 1616 517 1680 manus,
541 1598 630 1659 simul
652 1598 727 1659 urbe
750 1600 866 1678 prolusi

121 1688 250 1750 Aenidae
274 1690 351 1749 caris
374 1690 489 1748 socium
512 1687 696 1766 digressibus
719 1687 851 1749 haerent.

120 1778 192 1839 dant
215 1777 356 1838 Cererem
379 1776 549 1855 lectumque
572 1794 665 1856 pecus
688 1795 744 1838 nec
767 1776 888 1856 palmite
910 1776 1063 1840 Bacchum
1121 1788 1137 1840 t

119 1865 247 1944 Bithyno
270 1865 438 1945 Phrygioue
461 1873 571 1946 satum,
595 1866 647 1927 sed
671 1884 760 1945 quem
784 1884 837 1927 sua
860 1873 931 1928 noto

121 1954 195 2015 colle
219 1972 273 2032 per
296 1962 437 2032 angustae
460 1952 573 2013 Lesbos
596 1954 672 2014 freta
695 1956 828 2034 suggerit
850 1951 959 2015 Helles.

120 2044 185 2122 ipse
209 2045 269 2121 agit
290 2041 455 2103 Aesonidae
478 2044 597 2102 iunctos
620 2042 656 2103 ad
678 2042 766 2103 litora
789 2062 910 2122 gressus

122 2131 244 2211 Cyzicus
267 2130 407 2192 abscessu
430 2130 586 2192 lacrimans
609 2138 777 2206 oneratque
798 2134 937 2208 superbis

120 2218 311 2300 muneribuS,
333 2222 444 2299 primas
468 2222 598 2280 coniunx
620 2220 760 2280 Percosia
782 2228 883 2281 uestes
1104 2233 1136 2283 10

121 2325 195 2387 quas
218 2307 341 2368 dederat
362 2310 443 2387 picto
467 2316 497 2368 et
520 2307 595 2368 Clite
618 2310 788 2369 uariauerat
810 2327 891 2369 auro.

120 2405 185 2457 tum
208 2395 321 2475 galeam
344 2403 374 2456 et
395 2399 508 2475 patriae
532 2395 624 2456 telum
646 2396 846 2476 insuperabile
870 2397 992 2458 dextrae

121 2484 249 2546 addidit:
272 2487 336 2565 ipse
360 2485 445 2546 ducis
468 2484 604 2564 phaleras
628 2493 658 2546 et
681 2485 821 2546 Thessala
844 2493 948 2547 contra

57 2615 60 2622 -
120 2574 204 2634 irena
223 2575 302 2653 capit
325 2574 521 2653 manibusque
545 2574 620 2635 datis
644 2576 768 2636 iunxere
791 2582 922 2654 penates.

165 2662 211 2722 Tu
233 2663 306 2722 mihi
329 2681 410 2724 nunc
433 2682 537 2724 causas
559 2663 738 2743 infandaque
761 2663 887 2745 proelia,
911 2661 983 2744 Clio,
1102 2673 1135 2725 1⁶

120 2750 216 2830 pande
239 2752 352 2832 uirum3
374 2751 429 2811 tibi
452 2754 532 2811 enim
555 2770 698 2830 superum
721 2751 800 2833 data,
823 2753 923 2834 uirgo,
945 2750 1071 2813 facultas

120 2856 208 2899 nosse
232 2841 346 2900 animos
370 2857 532 2919 rerumque
555 2841 628 2900 uias.
661 2858 716 2900 cur
739 2840 807 2900 talia
829 2859 935 2922 passus
1002 2899 1004 2904 .

121 2944 216 3008 arma,
239 2928 310 3006 quid
333 2928 471 3009 hospitiis
494 2931 610 2989 iunctas
634 2947 815 2990 concurrere
839 2930 959 2991 dextras

120 3011 276 3094 luppiter?
298 3017 378 3078 unde
401 3016 490 3078 tubae
514 3025 719 3096 nocturnaque
741 3020 837 3079 mouit
857 3013 989 3097 Erinys?

55 3180 59 3190 1
164 3102 306 3184 Dindyma
330 3108 499 3185 sanguineis
522 3105 664 3166 famulum
687 3105 828 3168 bacchata
850 3106 969 3168 lacertis
1102 3117 1137 3169 20

119 3192 191 3253 dum
214 3192 330 3254 uolucri
353 3197 448 3274 quatit
471 3212 558 3274 asper
581 3211 658 3272 equo
682 3195 831 3276 siluasque
855 3196 957 3274 fatigat

121 3280 256 3363 Cyzicum
279 3283 393 3362 ingenti
414 3283 541 3363 praedae
565 3282 709 3362 deceptus
732 3302 832 3363 amore

119 3369 277 3431 adsuetum
299 3370 441 3452 Phrygias
465 3372 614 3433 dominam
636 3380 757 3433 uectare
780 3390 835 3455 per
858 3372 949 3434 urbes

111 3461 266 3534 obpressit
285 3460 385 3521 iaculo
408 3461 588 3523 redeuntem
611 3461 648 3522 ad
670 3462 756 3521 irena
776 3461 903 3522 leonem.
