2384 3878
418 681 455 764 a.
483 679 657 764 vuum
684 629 847 765 rursu

285 819 1006 962 Aneuuauureeu‘

449 1069 603 1136 LIBER
625 1069 824 1138 SEXTUS.

580 1250 686 1265 -ff—

123 1413 160 1473 Aa
183 1411 256 1492 uigil
277 1411 373 1472 isdem
395 1411 481 1472 ardet
503 1412 590 1473 furiis
614 1411 761 1475 Gradiuus
786 1422 816 1473 et
839 1416 900 1474 aeri

123 1500 213 1563 eorde
237 1507 334 1561 tumet
348 1519 411 1561 -nec
435 1517 508 1579 quas
532 1503 627 1581 acies,
651 1518 726 1580 quae
750 1509 847 1562 eastra
871 1511 1023 1585 sequatur,

121 1591 250 1670 inuenit;
272 1591 317 1650 ire
339 1588 437 1669 placet
453 1588 573 1650 tandem
590 1607 792 1670 praesensque
815 1591 928 1674 uidere,

123 1687 259 1740 sternere
282 1680 308 1738 si
330 1677 443 1757 Minyas
466 1695 631 1758 magnoque
655 1679 821 1759 rependere
844 1678 928 1742 luctu

121 1769 202 1847 regis
225 1774 312 1847 pasta
335 1775 424 1846 queat
446 1767 623 1847 Graiamque
646 1767 803 1829 absumere
826 1769 945 1848 pubem.
1125 1780 1141 1832 t
1176 1842 1179 1849 ¹

123 1855 232 1936 inpulit
254 1855 324 1917 hine
347 1860 469 1938 currus,
493 1864 661 1918 monstrum
684 1857 885 1919 inreuoeabile
909 1857 981 1919 belli

79 1982 83 1989 ·
124 1946 312 2027 concutiens,
337 1944 533 2024 Scythiaeque
558 1964 649 2026 super
672 1948 801 2007 tentoria
824 1948 913 2009 sistit.

122 2035 260 2114 protinus
284 2051 300 2094 e
325 2036 431 2095 eastris
454 2035 530 2113 fugit
553 2053 657 2115 sapor3
681 2034 868 2117 excitatem,

122 2121 237 2184 turbati
260 2125 359 2184 eoiere
383 2122 488 2184 duces:
511 2123 566 2184 hos
589 2126 714 2204 insuper
736 2126 842 2204 ingens

125 2212 202 2272 iama
224 2220 339 2293 mouet,
362 2220 425 2272 rate
450 2231 525 2292 quae
549 2231 632 2273 saera
656 2211 796 2293 uulgabat
819 2212 949 2274 Achiuos
1109 2226 1141 2277 10

123 2300 281 2361 aduenisse
305 2303 352 2362 sui
374 2308 546 2380 repetentes
570 2301 682 2362 uellera
704 2300 816 2383 Phrixi,

124 2408 199 2469 quos
221 2389 316 2451 malus
339 2389 469 2469 hospitio
493 2391 653 2469 iunctaque
677 2389 713 2449 ad
736 2390 857 2451 foedera
880 2390 984 2451 dextra

123 2478 230 2539 luserit
252 2478 360 2540 Aeetes
383 2478 479 2557 adque
502 2480 535 2539 in
558 2497 611 2539 sua
633 2481 760 2540 traxerit
783 2496 873 2540 arma.

167 2566 262 2649 Ergo,
284 2567 416 2628 consiliis
439 2567 511 2629 dum
534 2587 593 2629 nox
615 2574 702 2629 uacat
725 2567 783 2628 alta
806 2569 971 2650 mouendis,

124 2655 238 2735 legatos
260 2656 358 2736 placet
379 2658 425 2716 ire
449 2656 549 2737 duces,
572 2657 768 2737 mandataque
784 2657 891 2718 Perses
1110 2668 1142 2719 15

124 2744 242 2825 edocet,
266 2743 361 2804 adiari
383 2743 496 2823 Minyas
519 2744 714 2824 fraudemque
737 2748 855 2825 tyranni

124 2841 158 2894 ut
180 2838 328 2893 maneant.
376 2833 496 2910 quiuam
518 2833 589 2893 hine
613 2836 726 2894 animos
750 2837 897 2895 auerterit
920 2831 1030 2896 error?

123 2940 157 2981 se
179 2923 310 3011 primum
332 2918 502 2982 Haemoniis
525 2922 676 2984 hortatum
699 2941 734 2983 ea
756 2922 868 2984 uellera
890 2925 981 2985 terris

123 3007 251 3069 reddere
274 3016 305 3069 et
328 3011 451 3071 exuuias
474 3011 598 3090 pecudis
622 3011 771 3073 dimittere
795 3031 910 3073 sacrae:

123 3097 194 3158 hine
218 3097 319 3158 odium
342 3107 372 3159 et
395 3101 470 3161 tanti
492 3103 612 3162 uenisse
636 3102 758 3162 exordia
776 3101 854 3162 belli.
1110 3114 1143 3164 20

124 3187 198 3266 quin
219 3189 320 3266 potius
345 3187 538 3268 dextramque
563 3208 647 3251 suam
670 3209 782 3269 suaque
806 3208 888 3252 arma
912 3199 1087 3274 sequantur,

124 3284 176 3336 aut
198 3284 346 3357 remeent3
370 3295 467 3356 neque
491 3280 572 3339 enim
595 3279 702 3340 Aeetae
724 3281 872 3358 promissa
895 3280 1045 3360 iidemque

113 3380 185 3422 esse
206 3364 292 3448 Ioeo;
315 3365 486 3428 abstineant
508 3367 620 3428 alienae
644 3369 788 3446 sanguine
812 3386 939 3449 pugnae.

95 3464 162 3508 uon
185 3452 263 3515 illos
286 3456 360 3518 ideo
386 3461 465 3522 tanti
487 3461 615 3522 uenisse
634 3457 757 3519 iabnres
