2384 3878
352 191 645 250 ARGONAUTIOON
663 193 774 248 LIBER
791 193 838 248 IV.
1059 193 1100 257 ‘13

81 339 259 402 instimulat.
304 342 420 402 fumant
442 341 549 402 crebro
571 341 746 420 praecordia
765 342 865 422 pulsu.
1049 342 1101 404 285

87 431 152 489 ania
175 438 353 509 responsant
375 433 487 509 gemitu
509 432 591 509 iuga:
613 431 740 510 peruigil
762 439 796 492 nt
819 449 888 492 curn

87 518 237 579 artificum
259 526 344 579 tonat
365 519 458 580 Aetna
480 537 587 579 manus
611 527 641 579 et
663 519 787 581 fulmina
811 519 936 601 Cyclops

82 606 266 688 prosubigit,
289 607 383 687 pulsis
405 610 565 688 strepitant
587 607 747 670 incudibus
764 609 870 670 urbes.

87 698 196 756 emicat
217 695 265 756 bic
288 696 462 776 laeuamque
485 704 571 776 parat
591 697 787 776 dextramque
810 701 940 759 minatur
1035 776 1039 781 Ι

88 783 284 866 Tyndaridem
307 784 385 846 redit
407 784 467 846 buc
490 784 586 846 oculis
609 793 639 846 et
658 786 793 864 pondero
816 786 933 866 Rebryn
1025 779 1102 849 'aab

88 875 132 933 sic
155 880 253 954 ratuS,
275 874 324 934 ille
348 881 448 935 autem
470 874 563 934 calori
580 877 681 952 quatit
702 893 756 935 ora
779 877 906 936 sinistra.

88 961 274 1022 conclamant
297 965 371 1023 socii
388 971 424 1023 -et
444 961 561 1024 subitas
584 961 655 1023 dant
677 963 783 1042 gaudia
805 980 906 1025 uoces

86 1050 170 1112 illurn
193 1053 343 1130 insperata
365 1051 520 1113 turbatum
543 1051 647 1112 lraude
670 1053 879 1131 furentemque

88 1138 244 1200 Oebalides
267 1142 363 1219 prima
382 1141 496 1220 refugit
518 1140 590 1201 duna
613 1140 735 1202 detonet
755 1143 809 1223 ira,

88 1230 212 1289 territus
235 1230 299 1307 ipse
323 1230 412 1289 etiam
434 1229 531 1308 adque
554 1231 683 1309 ingentis
707 1232 846 1291 conscius
869 1232 942 1291 ausi.
1050 1240 1102 1289 29⁵

88 1319 184 1377 saeuit
206 1319 292 1397 inops
315 1318 443 1397 Amycus
465 1318 546 1379 nullo
570 1317 742 1380 discrimine
764 1338 831 1380 sese

88 1407 288 1486 praecipitans
311 1405 493 1484 rabidusque
516 1408 618 1467 uirum
640 1400 805 1489 (respectat
826 1415 953 1468 ouantes

88 1496 200 1574 quippe
224 1494 329 1574 procul
351 1490 480 1578 Minyas)
501 1503 567 1556 tum
590 1503 692 1556 caestu
715 1495 811 1557 elatus
834 1503 963 1577 utroque

88 1585 191 1644 inruit.
237 1583 292 1644 bos
314 1586 394 1644 inter
415 1582 520 1644 Pollux
540 1583 624 1645 subit
647 1592 677 1645 et
699 1586 794 1645 trucis
815 1584 897 1646 ultro

88 1670 207 1732 aduolat
230 1690 282 1732 ora
304 1674 376 1733 uiri:
399 1691 455 1733 nec
479 1692 547 1752 spos
571 1674 689 1754 ellectu,
712 1673 764 1733 sed
782 1673 889 1743 ambae
1050 1684 1104 1734 3ου

87 1765 118 1821 in
141 1768 247 1840 pectus
271 1760 406 1821 cecidere
429 1780 544 1823 manus.
588 1761 646 1822 boc
669 1764 786 1822 saeuior
808 1762 858 1822 illc

70 1867 158 1914 ,ecce
182 1851 293 1910 iterum
315 1867 425 1910 uacuas
448 1851 508 1929 agit
530 1849 698 1910 inconsulta
720 1868 776 1930 per
797 1869 885 1911 auras

86 1937 217 1999 brachia.
263 1940 354 1998 sentit
376 1945 407 1998 at
428 1946 462 2000 ut
484 1937 590 2000 Pollux
610 1940 735 1999 rationis
758 1946 904 2022 agentem,
1005 1948 1012 1958 ‘

87 2026 140 2086 dat
161 2026 287 2105 genibus
309 2029 419 2088 iurantis
442 2027 520 2088 latus
539 2029 730 2107 effusumque
753 2037 876 2089 sectatus

87 2114 167 2175 haud
190 2121 334 2177 reuocare
357 2115 481 2196 gratim
504 2119 629 2198 patitur,
650 2115 813 2195 turbatque
836 2118 1005 2196 premitque
1050 2127 1103 2177 305

88 2206 248 2283 ancipitem
271 2204 394 2266 crebros
416 2212 448 2266 et
469 2204 546 2267 liber
568 2207 705 2284 congerit
726 2206 805 2266 ictats

88 2293 218 2372 desuper
232 2311 357 2373 auars03
381 2301 467 2354 sonat
484 2297 571 2355 omni
593 2293 721 2355 uerbere
748 2301 854 2355 uertex

86 2381 207 2445 inclinis
225 2381 391 2461 ceciditque
413 2401 529 2445 manns.
572 2385 632 2445 iam
654 2391 787 2464 tempora
810 2390 932 2446 manant

88 2472 232 2549 sanguine
256 2473 373 2550 iamque
391 2471 489 2535 lateat
512 2491 613 2553 aures,
636 2472 738 2535 uitalia
759 2471 856 2541 donec

88 2559 222 2640 uincula,
246 2578 304 2638 qna
325 2562 422 2638 primo
446 2563 549 2623 ceruix
569 2563 768 2623 committitur
790 2568 866 2641 artu,
1049 2570 1103 2620 att

88 2646 179 2709 soluit
201 2647 305 2708 dextra
327 2650 435 2727 gratis.
476 2648 625 2713 manum
647 2647 779 2728 propulit
801 2648 890 2708 beros

88 2755 124 2797 ac
147 2755 238 2816 super
260 2737 402 2798 insistens
426 2731 542 2801 ‘Pollux
565 2755 620 2815 ego
641 2738 752 2799 masaa
776 2735 903 2816 nmycta

87 2834 120 2889 et
142 2824 212 2886 lone
237 2819 336 2887 natns’
359 2827 408 2906 ait,
431 2819 553 2889 ‘nomen
575 2824 753 2889 meatibus
777 2824 890 2889 unabris

88 2916 146 2975 boc
169 2915 297 2995 referes,
320 2916 363 2975 sic
387 2922 417 2975 at
437 2916 564 2981 mauron
587 2932 713 2979 noscere
733 2908 917 2995 sepulchro?

134 3001 282 3082 bebryoas
304 3003 453 3083 edwardo
471 3006 589 3083 spargit
606 3004 693 3087 -lugaq
716 3003 816 3065 uanus
837 3002 969 3081 adempti
1050 3013 1102 3065 att

84 3093 168 3171 'regis
192 3109 288 3172 amor;
310 3099 443 3158 modern
463 3092 580 3155 celeres
603 3090 768 3170 siluanrque
791 3096 960 3170 capessunt.

87 3181 162 3242 baec
185 3198 264 3261 sors,
287 3179 360 3240 baec
383 3179 526 3260 Amycum
548 3180 668 3243 nudam
690 3198 795 3244 mantas
817 3180 915 3243 arcuit
933 3181 1017 3243 antis

89 3270 180 3331 ellera
203 3277 373 3330 seruantem
395 3268 483 3335 rann
505 3269 570 3331 loca
590 3270 714 3349 -ubnque
734 3270 877 3333 mentae

88 3360 262 3420 continuam
285 3365 316 3423 at
332 3359 436 3437 *magni
458 3366 629 3437 sperantem
651 3368 785 3438 tempora
806 3359 907 3438 patris.

88 3446 224 3508 tenditur
246 3445 296 3506 illa
317 3448 424 3527 ingens
446 3447 600 3509 bominum
622 3465 717 3527 pauor
739 3464 870 3527 aruaque
894 3445 951 3508 late
1051 3458 1104 3507 atto

88 3543 230 3617 occupat,
253 3537 357 3597 annosi
380 3536 475 3599 ueluti
497 3539 524 3597 si
547 3535 667 3598 decidat
686 3535 777 3604 olim
