2384 3878
482 178 533 231 AD
553 177 619 232 LIB.
640 179 672 232 ΙΙ.
985 177 1075 232 XXIX

61 361 103 371 —-
127 331 199 404 pest
225 330 299 388 haec
321 328 416 386 uerba
438 330 544 403 aperte
566 327 721 386 intercidit
752 346 868 386 uersus.
913 344 984 386 nem
1007 346 1077 386 cum

60 437 133 494 pers
155 417 292 477 uirorum
315 416 447 493 effugere
469 407 604 475 uoluisse
627 414 758 492 dicatur,
786 416 858 492 qnid
882 416 972 475 alteri
994 415 1077 491 perti

59 507 176 566 fartum
199 506 239 566 sit
261 506 338 565 scire
360 505 505 580 cupimus.
551 504 621 563 hine
648 504 787 580 suppleui
820 497 902 580 ³pars
936 504 1005 562 inde
1032 505 1076 564 ui·

59 614 165 654 rerum
177 596 356 670 consumpta
368 594 401 652 in
415 611 518 653 somno
532 586 682 652 flammis'.
701 611 772 652 nem
785 593 928 652 librarius
943 612 962 651 a
974 597 1076 669 priore

61 675 157 759 ‘pars'
181 683 221 741 ad
243 684 373 742 aiterum
397 681 552 743 aberrauit
574 681 676 741 oculis.

152 773 215 831 243
253 789 321 832 orsa
356 771 513 830 Heinsius:
554 788 608 830 cra
644 771 680 829 V.
720 801 758 810 -
797 772 920 843 furentis
957 770 1076 845 scripsi:

64 862 176 920 ruentis
198 861 234 918 V.

152 949 218 1008 250
241 949 309 1008 laeti
332 948 452 1024 scripsi:
474 949 547 1006 lueet
559 945 596 1005 V.
620 937 727 1006 ‘saeui'
741 947 918 1023 Meynekius
942 947 957 1004 Ι
979 967 1008 1022 p.
1024 948 1076 1006 38.

152 1038 216 1098 259
255 1038 347 1096 110111
381 1036 431 1094 Fr.
467 1035 627 1094 Jacobsius
666 1032 773 1108 [addit.
809 1035 1010 1094 animaduere.
1045 1035 1078 1093 in

61 1126 214 1185 Athenaei
232 1125 436 1201 Deipnosoph.
459 1146 487 1201 p.
502 1122 573 1199 42]:
597 1125 701 1182 chorus
714 1124 751 1199 V¹
775 1123 855 1199 quod
867 1141 964 1199 nuper
976 1122 1079 1198 inepte

61 1214 198 1274 defendit
221 1213 415 1273 Schenkeliue
440 1210 534 1287 [stud.
556 1232 586 1287 p.
610 1209 677 1287 37].

153 1305 219 1363 270
243 1304 336 1362 elutus
357 1301 514 1362 Heinsius:
536 1301 650 1360 celatae
672 1301 709 1360 V.

153 1393 216 1450 271
242 1394 274 1449 in
295 1393 384 1450 nicea
406 1391 525 1465 scripsi:
548 1391 638 1448 niuea
660 1389 697 1447 V.

153 1480 384 1539 reuocauerat
410 1497 447 1537 ex
469 1478 497 1535 V
525 1477 661 1553 restitui3
688 1477 724 1535 ef.
752 1476 830 1536 PhiL
853 1476 1024 1555 Wagnerus
1048 1476 1079 1535 II

153 1660 223 1732 post
252 1677 281 1715 u.
315 1658 379 1715 283
407 1656 496 1714 unius
528 1673 636 1713 uersus
667 1655 807 1713 lacunam
833 1654 971 1713 indicaui
1022 1653 1081 1716 uiri

63 1745 147 1804 docti
168 1763 237 1803 cum
258 1766 288 1804 u.
308 1746 372 1803 284
387 1744 536 1803 traditum
558 1736 612 1802 ³et’
636 1743 669 1801 in
691 1735 747 1801 ³et'
771 1743 821 1801 uel
845 1735 921 1802 ³sed’
945 1742 995 1802 nel
1009 1734 1079 1801 ³est'

63 1835 232 1911 mutarent,
254 1851 314 1893 non
337 1834 516 1892 emouerent
537 1831 661 1889 nimiam
684 1849 744 1906 qua
765 1831 859 1896 locus
871 1831 991 1890 laborat
1012 1831 1079 1888 bre-

64 1903 201 1985 nitatem.

155 2013 220 2070 234
243 2012 299 2070 hec
320 2028 417 2070 serum
439 2028 475 2068 ex
498 2009 526 2066 V
549 2008 678 2067 restitui.

156 2101 219 2159 317
245 2105 271 2158 te
297 2101 484 2174 11111131,
508 2095 576 2156 Oete
598 2096 755 2157 Heinsius
777 2098 909 2156 manduc
930 2097 1023 2156 tactae
1044 2094 1082 2153 V

156 2189 220 2247 318
243 2187 365 2248 Paucis
387 2189 444 2260 fert
465 2185 622 2244 Heinsius:
641 2185 744 2259 pharii
766 2202 797 2245 se
819 2184 856 2242 V.

123 2277 219 2335 313
244 2278 356 2336 uenisse
382 2294 469 2336 auum
495 2265 602 2334 umetis
636 2273 756 2348 scripsi:
783 2273 1082 2334 recenseamus

64 2365 107 2440 V3
141 2357 267 2424 ‘rexisse
294 2365 360 2423 uias
392 2355 514 2422 iunctis’
548 2361 614 2420 edd.
641 2362 752 2437 inepte
802 2379 873 2420 nem
899 2360 980 2437 quod
1008 2359 1081 2419 Oete
1125 2382 1129 2391 ·

65 2456 98 2512 et
121 2453 250 2512 Proteus
274 2453 346 2511 olim
368 2453 408 2511 ad
430 2453 560 2511 insulem
582 2450 717 2510 Lemnon
738 2451 797 2510 iter
827 2452 982 2523 rexerunt,
1011 2449 1081 2525 quid

64 2541 137 2600 inde
160 2541 198 2600 de
219 2542 352 2619 Polyxus
376 2541 493 2617 origine
516 2539 679 2600 coniectari
700 2538 819 2614 potuit?

157 2631 222 2689 320
243 2631 347 2690 haec
335 2629 547 2704 prescripsi:
571 2630 708 2700 saepiaris
732 2627 760 2683 V
784 2619 1001 2706 (praecedite
987 2617 1036 2703 s').

157 2720 220 2777 322
245 2720 360 2778 dextere
382 2717 495 2775 addidi:
520 2735 577 2775 om.
599 2716 636 2773 V.

158 2807 221 2866 323
245 2808 346 2866 metior
368 2805 527 2865 Heinsius:
552 2805 643 2862 leuior
666 2803 702 2861 V.

158 2896 221 2954 337
246 2897 280 2954 eb
303 2913 420 2954 sacrum
443 2894 563 2968 scripsi:
586 2893 638 2951 hoc
663 2893 774 2966 factum
796 2892 832 2949 V.
856 2893 991 2949 ceterum
1012 2907 1085 2947 num

67 2984 163 3044 latine
189 2984 287 3058 pessit
316 2983 375 3042 diei
405 2976 498 3042 ‘tecet
524 2975 649 3040 fulmen'
677 2999 733 3055 pro
760 2998 795 3040 eo
818 2978 900 3055 quod
922 2980 970 3037 est
993 2969 1085 3037 ‘tecet

70 3072 188 3133 sonitus
212 3091 248 3130 ex
270 3072 446 3130 fulminibus
470 3070 614 3129 cudendis
638 3061 758 3143 oriens’‚
786 3068 823 3125 de
850 3067 906 3125 hac
928 3085 961 3143 re
984 3066 1085 3125 admo-

69 3161 143 3220 dum
165 3160 279 3220 dubito.
324 3163 399 3235 puto
422 3158 580 3218 Valen'um
607 3156 725 3215 dedisse
753 3149 865 3215 ‘taceat
892 3155 952 3213 iam
974 3173 1085 3213 numen

69 3250 103 3309 in
125 3242 234 3309 antro'.

162 3339 226 3397 338
251 3343 312 3398 tum
335 3337 454 3412 scripsi:
478 3353 543 3395 cren
565 3335 602 3393 V.

162 3428 226 3485 352
251 3443 307 3500 pue
329 3428 395 3499 fatu
416 3425 574 3484 Heinsius:
596 3440 670 3496 puae
692 3424 757 3496 fatu
780 3419 816 3480 V.

161 3515 225 3574 353
260 3513 373 3590 meoque
402 3515 448 3575 dei
480 3513 622 3589 Puupcec
658 3513 711 3573 eut
743 3513 806 3571 1111
840 3508 1051 3579 (tetecum
1086 3503 1118 3552 2³:
