2384 3878
367 194 660 255 ARGONAUTIOON
678 199 788 254 LIBER
805 202 847 269 I.¹
1067 204 1111 269 15

85 346 110 408 it
133 340 229 406 ratis?
251 363 289 406 an
311 347 435 407 meritos
459 347 502 407 ias
526 355 557 408 et
579 347 651 409 milri
673 367 814 429 rumpere
838 346 985 429 questus?

87 432 147 495 hoc
170 442 307 495 metuens
331 442 362 496 et
384 453 482 514 nequa
504 436 582 498 ioret
604 455 710 498 manus
732 438 834 499 inuida
857 447 936 521 nato,

88 539 149 583 non
171 520 287 586 mediae
309 523 427 585 telluris
450 542 619 606 opeS,.non
641 525 767 606 inproba
789 527 848 606 legi
1053 539 1108 593 510

89 612 192 674 diuitis
215 630 287 674 arua
308 611 411 693 plagae
435 607 555 696 (tenent
577 614 727 676 uberrima
751 615 868 677 Teucer

88 708 119 762 et
141 700 230 782 Libys
253 709 284 762 et
306 705 401 763 uestri
423 701 542 784 Pelopis
565 697 699 786 domus):
721 704 842 766 horrida
865 723 955 768 saeuo
1015 752 1020 763 ,

88 809 165 869 qnae
187 793 300 871 premis
323 809 396 854 arua
418 792 487 871 gelu
510 795 691 872 strictosque
713 794 878 855 insedimus
901 812 1011 858 amnes.

89 880 211 941 eederet
232 879 280 941 his
303 881 392 941 etiam
415 888 445 942 et
468 899 534 941 sese
558 883 621 942 sine
645 881 759 942 honore
782 883 911 944 referret

89 968 230 1051 ulterius,
253 968 306 1030 sed
329 968 408 1029 nube
431 972 533 1049 rigens
557 988 590 1030 ao
613 973 714 1031 nescia
737 973 819 1032 ueris
1055 984 1111 1035 515

89 1065 149 1119 stat
172 1066 312 1137 superet
334 1066 453 1119 nostros
477 1061 536 1120 iam
557 1077 631 1118 zona
654 1059 830 1121 reuerlrerat
852 1063 945 1140 ignes.

89 1146 161 1226 quid
184 1148 267 1226 regio
290 1149 430 1229 inmaniS,
454 1148 526 1227 qnid
549 1147 693 1209 barbarus
717 1148 853 1209 amnibus
877 1148 946 1211 ullis

88 1235 194 1296 Phasis
217 1243 248 1296 et
271 1238 386 1297 auersis
408 1236 508 1316 proles
531 1255 597 1298 mea
620 1236 759 1316 gentibus
782 1234 905 1300 obstat?

89 1324 161 1404 quid
179 1323 293 1404 Minyae
317 1343 454 1386 meruere
479 1322 587 1405 queri?
610 1344 682 1388 num
706 1326 817 1387 uellere
841 1326 929 1389 Graio

88 1414 121 1474 ui
143 1408 279 1493 potitur?
301 1413 427 1493 profugo
452 1417 524 1493 quin
548 1416 664 1493 agmina
686 1416 810 1495 iungere
833 1415 943 1476 Phrixo
1053 1426 1108 1479 550

90 1500 195 1563 abnuit
217 1501 303 1563 Inoas
326 1502 407 1563 ultor
429 1521 486 1564 neo
509 1505 592 1564 uenit
611 1504 647 1565 ad
671 1522 746 1586 aras,

88 1592 208 1671 imperii
231 1590 283 1652 sed
306 1599 390 1671 parte
413 1593 515 1654 uirum
537 1600 682 1671 nataeque
705 1600 839 1653 moratus

90 1681 228 1760 coniugio
252 1680 334 1742 uidet
357 1699 374 1741 e
398 1679 484 1742 Graia
507 1700 588 1743 nune
611 1683 704 1762 stirpe
728 1689 853 1761 nepotes

90 1787 127 1830 en
150 1776 285 1851 teneroS,
308 1777 397 1830 uoeat
420 1778 449 1830 et
472 1772 588 1832 iunctas
615 1771 672 1831 sihi
695 1773 839 1849 sanguine
862 1778 967 1832 terras.

88 1857 176 1920 ileete
200 1865 295 1919 ratem
317 1866 489 1940 motusque,
511 1866 610 1940 pater,
633 1876 690 1919 nee
712 1858 839 1919 uulnere
863 1866 966 1920 nostro
1053 1869 1106 1923 525

90 1964 219 2027 aequora
241 1947 338 2027 pande
361 1949 448 2009 uiris:
471 1949 584 2009 ueteris
604 1955 649 2008 sat
672 1949 791 2008 conseia
813 1946 913 2008 luctus

89 2036 166 2097 silua
188 2036 261 2097 Padi
284 2044 314 2097 et
337 2039 403 2098 uiso
427 2036 532 2098 ilentes
556 2039 690 2116 genitore
715 2031 856 2098 sorores?

89 2125 229 2186 adfremit
250 2124 296 2186 his
320 2133 499 2205 quassatque
524 2134 612 2206 eaput
635 2127 687 2205 qui
710 2125 822 2187 uellera
846 2125 923 2186 dono

89 2212 268 2294 bellipotens
291 2213 349 2274 sibi
371 2215 428 2274 fixa
450 2215 533 2275 uidet
556 2222 681 2295 tempta,
704 2221 828 2293 aotaqne
852 2220 956 2274 contra

88 2302 185 2365 Pallas
208 2310 239 2364 et
261 2301 416 2364 amborum
440 2305 552 2383 gemuit
577 2303 715 2364 Saturnia
739 2310 872 2382 questus,
1053 2312 1107 2366 530

179 2391 256 2453 'i'nm
279 2394 396 2470 genitor
420 2387 535 2453 ‘uetera
557 2392 631 2453 haee
654 2391 741 2452 uobis
765 2399 795 2452 et
818 2392 936 2453 condita
957 2399 1088 2475 pergunt

89 2482 195 2543 ordine
219 2487 327 2541 cuneta
349 2499 404 2543 suo
427 2499 589 2560 rerumque
613 2500 630 2542 a
651 2483 786 2562 principe
810 2499 902 2543 eursu

88 2570 147 2631 fixa
170 2578 304 2652 manent3
327 2589 425 2650 neque
449 2572 529 2631 enim
551 2573 641 2631 terris
663 2577 728 2631 tum
752 2571 871 2648 sanguis
894 2571 925 2629 in
948 2568 1017 2630 ullis

89 2667 194 2720 noster
217 2665 294 2742 erat,
319 2676 388 2720 eum
410 2659 470 2720 lata
493 2659 608 2738 darem3
630 2661 762 2737 iustique
786 2658 910 2718 facultas

88 2747 160 2809 hino
182 2747 269 2829 mihi,
293 2765 362 2809 eum
384 2749 485 2808 uarios
508 2754 658 2807 struerem
680 2765 735 2826 per
758 2745 876 2808 saecula
898 2763 993 2826 reges.
1053 2755 1106 2807 535

90 2837 186 2916 adque
210 2855 265 2916 ego
289 2854 430 2898 curarum
452 2845 585 2916 repetam
609 2835 728 2897 decreta
751 2853 892 2896 mearum.

88 2928 147 2989 iam
171 2925 288 3005 pridem
310 2928 406 3008 regio,
430 2944 505 3005 quae
528 2927 655 3005 uirginis
678 2943 790 3005 aequor
813 2925 849 2985 ad
872 2923 971 2984 Helles

90 3023 120 3076 et
144 3013 259 3076 Tanain
281 3024 371 3077 tenus
393 3017 529 3077 inmenso
553 3014 706 3075 deseendit
729 3014 765 3074 ab
788 3013 879 3094 Euro,

89 3104 183 3165 undat
205 3105 291 3183 equis
313 3103 458 3184 lloretque
482 3105 570 3184 uiris,
592 3121 649 3163 neo
671 3101 775 3163 tollere
795 3108 898 3163 eontra

88 3192 149 3254 ulla
171 3211 260 3273 pares
282 3195 397 3254 animos
419 3211 586 3272 nomenque
611 3209 766 3272 capessere
789 3189 875 3250 bellis
1054 3201 1107 3252 540

90 3299 161 3343 ausa
183 3299 302 3363 manus;
326 3285 369 3344 sie
393 3282 464 3365 iata,
487 3281 569 3342 locos
592 3283 635 3342 sic
658 3282 721 3361 ipse
746 3278 891 3339 iouebam.

90 3371 240 3432 adeelerat
264 3372 316 3433 sed
340 3390 454 3432 summa
478 3371 542 3432 dies
564 3369 721 3448 Asiamque
744 3367 893 3429 lahantem

90 3458 254 3541 linquimus
278 3468 308 3522 et
330 3469 459 3541 poscunt
481 3463 540 3521 iam
561 3478 609 3520 me
633 3478 687 3521 sua
709 3465 843 3538 tempora
866 3455 943 3517 Grai.

88 3549 157 3612 inde
180 3567 264 3613 meae
288 3568 417 3631 quereus
440 3549 636 3632 tripodesque
660 3549 841 3629 animaeque
860 3551 1058 3628 parentum*
