2384 3878
78 164 146 219 VIII
258 176 275 195 ’·
480 162 697 218 PRAEFATIO.

82 311 172 371 Enati
200 321 229 371 et
252 311 392 372 Horatius
421 313 579 372 satirarum
608 313 737 390 scriptor
760 311 866 372 Lucilii
894 314 1029 391 uestigiis
1056 316 1097 373 ita

83 407 169 460 erant
190 402 319 478 ingressi
341 408 376 460 ut
397 400 634 479 praeclarissima
649 418 784 479 quaeque
800 417 904 460 eorum
918 401 982 461 loca
1005 401 1097 461 libere

81 487 302 549 aemularentur
335 507 499 567 eorumque
531 488 620 548 flores
654 487 822 549 delibarem
851 487 901 566 [cs.
931 489 1098 550 Macrobius

82 577 119 637 Vl
150 575 167 637 1
197 585 227 636 et
255 575 366 636 Gellius
395 574 488 658 121,
519 575 567 658 7]‚
596 579 639 638 sic
665 576 785 657 Vergilii
813 580 939 638 maxime
969 580 1097 639 carmina

83 667 135 745 qui
161 674 265 745 postea
293 667 394 745 poesis
423 668 523 745 epicae
552 668 717 727 extiterunt
745 666 875 727 cultores
907 666 1099 727 imitabantur

81 758 123 815 ita
151 762 185 815 ut
212 753 318 833 procul
344 753 444 814 habita
473 753 618 834 spoliandi
652 762 682 814 et
715 755 886 815 excribendi
920 757 1099 835 cogitatione

82 847 211 923 ingenua
242 842 439 903 aemulatione
472 861 541 903 cum
574 862 609 902 eo
641 843 754 904 uellent
787 852 910 904 certare.
957 846 1098 904 nimirum

82 930 229 992 habebant
252 931 294 991 illi
316 933 349 991 in
371 931 597 992 recitationibus
621 932 771 992 auditores
792 951 842 992 eos
866 935 926 1012 qui,
950 951 1018 993 cum
1041 932 1100 1011 ipsi

83 1021 209 1081 lectione
233 1019 354 1099 Vergilii
378 1027 479 1080 essent
501 1019 607 1080 imbuti
630 1020 777 1102 diligenti,
801 1021 885 1080 facile
909 1039 981 1080 num
1005 1020 1096 1079 felici-

83 1118 129 1170 ter
148 1127 243 1169 necne
258 1126 336 1168 nouo
360 1117 465 1187 poetae
489 1108 646 1169 aemulatio
669 1109 718 1168 illa
738 1111 877 1170 cessisset
892 1109 1098 1169 diiudicarent.

1 1220 2 1223 ¹
83 1200 182 1276 itaque
206 1199 383 1276 posterioris
407 1199 511 1257 aetatis
532 1199 632 1276 epicos
660 1216 720 1256 non
747 1199 843 1259 solum
866 1200 897 1257 in
920 1196 1099 1275 imaginibus

84 1284 354 1365 comparationibus
384 1279 580 1358 ἐπειςοδίοις
609 1288 838 1367 compositione,
868 1285 920 1346 sed
948 1288 1037 1349 etiam
1066 1288 1098 1344 in

84 1373 208 1453 singulis
231 1373 383 1435 interdum
405 1372 606 1435 locutionibus
631 1367 824 1456 (quamquam
848 1374 954 1436 dehac
979 1373 1099 1452 quidem

84 1481 117 1523 re
136 1461 342 1522 difficillimum
366 1470 412 1522 est
434 1458 592 1545 iudicium)
607 1461 769 1542 Vergilium
792 1483 861 1524 cum
883 1462 976 1523 libera
1000 1480 1098 1521 aemu-

84 1551 193 1611 latione
217 1553 326 1611 imitari
350 1551 496 1612 uidemus.
525 1554 567 1612 sic
591 1570 661 1612 cunr
683 1551 817 1613 Valerius
841 1571 885 1612 ex.
909 1570 951 1629 gr.
976 1553 1006 1610 in
1030 1549 1099 1609 libri

24 1646 27 1651 ’
84 1638 209 1701 secundi
233 1636 362 1716 [11114
385 1640 463 1718 sqq]
493 1635 663 1722 ἐπειςοὸίῳ
686 1641 814 1720 quodam
828 1640 973 1700 Venerem
996 1638 1099 1698 mulie-

5 1752 8 1761 ·
84 1747 134 1788 res
157 1728 330 1789 Lemniacas
359 1729 430 1788 iacit
457 1730 662 1809 instigantem,
690 1737 792 1808 aperte
821 1730 955 1807 sequitur
981 1726 1101 1804 Vergilii

85 1815 123 1893 [V
146 1813 210 1878 618
235 1815 312 1896 sqq]
338 1816 570 1897 descriptionem
593 1817 784 1899 simillimam3
808 1819 867 1898 sic,
895 1819 1018 1877 cumin
1040 1816 1100 1874 uiri

85 1905 210 1966 alicttius
238 1905 395 1966 fortissimi
433 1924 501 1966 cum
529 1906 669 1967 Lucifero
702 1909 921 1986 comparatione
954 1904 1101 1983 Vergilius

86 1993 165 2070 [VIII
193 1990 272 2070 590]
303 1995 460 2054 adiecisset
489 1990 590 2072 ‘quem
618 1994 717 2055 Venus
750 2002 817 2054 ante
850 1995 922 2053 alios
951 2001 1101 2052 astrorum

85 2081 180 2161 diligit
211 2078 317 2163 ignes',
344 2082 479 2143 Valerius
504 2079 657 2160 [v1528]
686 2085 718 2142 in
747 2082 851 2143 eadem
880 2082 1100 2160 comparatione

85 2173 127 2232 ita
155 2190 223 2232 eum
252 2171 416 2233 aemtdatus
445 2178 491 2231 est
513 2179 548 2232 ut
576 2178 702 2249 poneret
726 2165 826 2248 ‘quem
850 2168 949 2230 Venus
979 2169 1100 2229 inlustri

86 2259 195 2338 gaudet
216 2261 381 2339 procedere
405 2255 507 2320 caelo'.
539 2259 647 2320 talibus
674 2261 706 2319 in
729 2258 975 2319 aemulationibus
999 2260 1101 2317 nescio

86 2366 124 2409 an
151 2348 252 2409 nullus
283 2357 371 2428 poeta
398 2348 550 2408 Romanus
581 2347 760 2426 prudentius
788 2354 831 2426 et,
864 2356 897 2407 ut
924 2350 964 2407 113
997 2347 1102 2426 dicam,

85 2438 247 2516 pudentius
271 2455 337 2497 sese
360 2438 487 2516 gesserit
510 2435 633 2496 Valerio.
680 2435 728 2495 3111
752 2437 844 2516 enim,
873 2444 906 2496 ut
930 2435 1020 2495 Silius
1044 2435 1100 2495 lta-

85 2523 176 2606 licus,
202 2525 354 2586 interdum
382 2526 469 2584 nimis
502 2526 588 2585 anxie
616 2542 649 2584 33
678 2524 796 2605 timide,
828 2523 890 2604 alii,
918 2531 951 2583 ut
980 2523 1102 2602 Statius,

87 2616 176 2674 nimis
196 2610 198 2617 '
218 2611 320 2673 callide
366 2631 399 2673 ac
434 2631 529 2692 paene
571 2612 776 2674 fraudulenter
812 2611 934 2691 Vergilii
975 2614 1102 2690 uestigia

87 2710 276 2783 presserunt,
317 2710 398 2786 certe
441 2702 478 2761 de
521 2702 614 2764 Statio
656 2704 822 2762 rectissime
864 2704 958 2780 ipsius
1000 2700 1102 2760 uerbis

90 2789 206 2868 [Achdl.
235 2791 249 2850 1
277 2787 333 2868 60]
364 2809 380 2850 3
408 2792 474 2851 uiro
502 2790 590 2852 docto
618 2793 781 2869 nescioquo
815 2791 927 2849 dictum
957 2796 1003 2848 est
1033 2806 1102 2847 eum

89 2878 188 2958 uulpis
220 2881 314 2940 instar
342 2879 489 2939 deleuisse
522 2877 633 2957 pedum
666 2880 792 2956 uestigia
829 2876 938 2936 caudis.
985 2884 1015 2934 31
1047 2875 1101 2933 hac

89 2968 210 3047 quidem
232 2967 326 3028 libera
354 2967 551 3028 aemulatione
574 2968 720 3045 optimum
743 2973 891 3044 quemque
914 2971 1032 3042 poetam
1060 2962 1100 3021 13·

88 3060 186 3118 tinum
209 3075 277 3117 cum
301 3056 493 3118 nobilissimis
516 3057 625 3134 prioris
652 3056 796 3132 temporis
825 3051 943 3112 uatibus
981 3060 1101 3111 certare

90 3145 235 3206 uidemus.
268 3146 320 3205 sed
344 3147 423 3206 enim
446 3142 563 3204 labente
586 3143 696 3203 iudicio
720 3141 808 3201 simul
831 3150 861 3201 et
883 3141 968 3218 poesi
990 3139 1102 3199 ultimis

91 3236 206 3313 antiqui
238 3236 305 3295 aeui
336 3232 522 3313 temporibus
550 3251 586 3292 eo
619 3232 759 3311 peruenit
791 3222 841 3290 res
868 3235 915 3309 rit,
948 3246 1016 3288 cum
1044 3227 1102 3287 Μ3-

91 3324 208 3383 uortius
222 3322 258 3383 de
274 3322 400 3383 ecclesia
414 3329 572 3382 centonem
586 3339 668 3380 mere
682 3319 882 3397 Vergilianum
901 3316 1104 3398 declamasset,

91 3410 241 3472 auditores
265 3429 334 3472 eum
347 3431 408 3473 non
431 3419 465 3472 ut
479 3412 576 3471 iurem
589 3409 879 3489 impudentissimum
904 3406 1106 3485 exsibilarent,

84 3500 142 3556 sed
174 3509 208 3558 nt
237 3500 406 3582 Maronem,
445 3503 470 3562 si
506 3499 552 3560 dis
588 3499 698 3580 placet,
734 3499 882 3557 iuniorem
916 3495 1104 3556 celebrarent
