2384 3878
355 208 646 267 Anoonnurrcon
664 209 774 266 LIBER
790 211 840 269 IV.
882 214 886 221 '
1060 213 1103 277 81

83 356 150 421 “ne
173 376 265 420 uanas
288 359 416 439 inpendo
440 377 546 440 proces
569 360 717 438 finemque
741 360 887 421 malorum

87 455 210 529 expete,
233 448 415 530 Agenoride3
437 453 562 528 pontum
584 451 789 528 penetrauerit
811 448 870 511 ulla

82 552 159 599 unm
181 538 254 598 ratis
277 545 307 598 ot
329 537 425 598 rabidi
448 539 587 598 steterint
609 540 640 598 in
662 539 780 617 gurgite
803 544 930 618 montes,
1032 552 1035 559 ’

88 634 161 687 tunc
185 644 306 704 sperare
330 626 451 687 modum
473 644 587 705 poenae
610 629 790 706 ueniamque
813 622 947 687 licebit.''

86 716 132 776 sic
155 713 238 776 deus.
284 723 336 776 aut
358 714 446 776 nobis
469 734 540 795 ergo
564 716 627 776 fera
650 733 720 776 saxa
741 723 899 795 patescunt
1049 727 1103 777 ott

86 810 139 864 aut
160 802 227 862 inea
249 805 308 864 iam
330 822 437 865 saeuae
459 804 589 864 redeunt
610 803 646 865 ad
669 805 776 883 pabula
798 804 894 865 lli'rae.

86 908 196 953 uerum
216 891 429 953 intermedias
452 891 571 953 dabitur
593 895 619 952 si
642 911 765 953 currere
789 901 890 954 cantes

85 973 187 1063 (certe
210 980 299 1059 digna
320 975 441 1064 manus)
465 998 653 1060 uacuumque
677 981 772 1042 exibis
795 984 825 1042 in
848 989 969 1062 aequor,

86 1071 223 1149 proxima
245 1088 337 1151 regna
359 1069 444 1151 Itym,
466 1077 580 1131 remeat
602 1072 655 1149 qui
677 1072 776 1132 uictor
799 1070 835 1130 ab
858 1073 920 1131 oris

86 1156 254 1237 Bebryciis:
277 1165 339 1219 toto
363 1176 423 1219 non
446 1158 526 1220 ullus
548 1159 635 1220 litore
659 1159 747 1220 Ponti
1049 1170 1103 1221 ton

86 1248 197 1307 mitior.
242 1247 291 1307 hio
314 1247 392 1308 lecto
415 1250 557 1309 comitum
580 1247 617 1308 do
641 1247 749 1309 robore
767 1251 890 1327 siquem

85 1335 250 1415 perculerit
273 1338 372 1397 uicina
394 1336 472 1416 lues,
495 1356 533 1396 ne
556 1337 650 1398 defice
673 1356 760 1397 casus

85 1423 231 1504 praedicti
254 1440 368 1485 memor
392 1425 488 1504 adque
511 1428 625 1485 animos
648 1428 769 1504 accinge
793 1426 910 1487 tuturis.

86 1512 327 1592 illicpestiieras
350 1513 455 1574 subter
477 1516 548 1592 iuga
569 1516 700 1574 concaua
723 1521 845 1593 torquet

86 1600 162 1663 alter
184 1620 275 1681 aquas
298 1602 436 1663 Acheron
458 1609 604 1683 uastoque
627 1603 756 1664 exundat
779 1602 862 1664 hiatu
1051 1613 1102 1664 ooo
1127 1610 1130 1615 “

86 1690 219 1771 fumeus,
242 1698 273 1751 et
295 1709 381 1752 caeca
404 1694 516 1770 tegitni·
538 1692 663 1771 caligine
687 1700 822 1770 campus:
1093 1763 1097 1773 .

86 1778 188 1859 linqtie
211 1797 334 1858 grauem
356 1781 483 1841 fluuium
505 1788 535 1840 ct
558 1781 675 1840 miseris
699 1797 752 1840 sua
776 1781 834 1840 lata
857 1779 978 1842 colonie.

86 1869 131 1928 sic
154 1885 273 1947 quoque
296 1886 357 1928 non
380 1868 441 1928 uno
463 1867 582 1929 dabitur
605 1875 813 1929 transcurrere
835 1867 927 1929 luctu.

87 1957 158 2036 quid
182 1956 237 2017 tibi
259 1956 397 2017 nubifera
420 1964 593 2036 surgentem
615 1975 690 2036 rupe
715 1955 880 2038 Carambin,

86 2045 159 2125 quid
178 2064 349 2128 memorem,
373 2063 447 2124 quas
469 2046 525 2106 lris
544 2064 635 2125 aquas
658 2053 709 2106 aut
732 2053 870 2125 torqueat
888 2041 1013 2108 Ancon?
1049 2057 1102 2108 tou

86 2135 221 2214 proxima
243 2134 433 2195 Thermodon
456 2135 526 2196 huic
549 2136 608 2195 iam
631 2142 711 2195 secat
734 2153 806 2195 arua
828 2134 949 2196 fluento.

85 2222 188 2284 inclita
209 2223 420 2284 Amazonidum
443 2242 608 2303 magnoque
633 2230 735 2283 exorta
758 2222 888 2284 Gradiuo

85 2311 237 2392 gensjbi,
260 2313 403 2372 femineas
425 2330 482 2372 neo
505 2319 538 2374 tu
561 2330 642 2374 nunc
665 2310 754 2373 crede
778 2319 923 2393 cateruas,

86 2399 140 2461 sed
164 2399 271 2482 qualis,
295 2400 347 2461 sed
371 2409 481 2480 quanta
503 2404 578 2462 uiris
601 2400 724 2462 msnltat
746 2400 829 2480 Enyo

86 2489 215 2568 dinaque
238 2488 386 2568 Gorgonei
409 2493 551 2568 gestatrix
573 2489 685 2551 innuba
707 2492 841 2551 monstri.
884 2508 887 2514 ·
1048 2501 1101 2552 ons

86 2597 124 2639 ne
147 2577 202 2639 tibi
225 2585 297 2639 tuno
319 2579 469 2640 horrenda
491 2598 582 2658 rapax
604 2579 641 2638 nd
664 2578 751 2638 litora
773 2596 903 2658 puppem

86 2674 197 2728 uentus
220 2674 299 2748 agat,
322 2666 392 2727 ludo
415 2666 543 2727 uolitans
566 2684 635 2726 cum
659 2674 756 2726 turma
779 2665 910 2745 superbo

84 2756 241 2837 puluereis
264 2755 377 2816 exultat
399 2757 484 2834 equis
508 2755 678 2833 ululataque
702 2754 790 2833 tellus

85 2847 221 2906 intremit
243 2851 273 2905 et
295 2863 409 2924 pugnas
432 2852 512 2906 mota
534 2850 619 2923 pater
641 2844 746 2904 incitat
768 2843 860 2905 hasta.

82 2952 146 2995 non
170 2935 212 2995 ita
234 2935 273 2994 sit
296 2934 455 2995 metuenda
478 2933 533 2995 tibi
555 2935 729 2994 saeuissima
751 2949 931 3011 quamquam
1047 2943 1102 2994 olo

84 3041 160 3102 gens
183 3021 358 3104 Chalybum,
381 3022 464 3083 duris
487 3024 605 3101 patiens
625 3025 675 3082 cui
697 3021 796 3083 cultus
818 3023 850 3081 in
873 3022 955 3082 aruis
1106 3027 1107 3030 ’

85 3118 117 3173 et
138 3118 222 3172 tonat
244 3110 360 3172 adflicta
383 3129 500 3190 semper
523 3109 629 3172 domus
652 3113 739 3189 ignea
762 3127 865 3170 massa.

84 3201 154 3261 inde
178 3218 297 3261 omnem
318 3203 470 3261 innumeri
491 3218 577 3280 reges
600 3217 655 3279 per
677 3198 773 3260 litoris
796 3216 888 3280 oram,

83 3287 206 3369 hospitii
229 3291 296 3368 quis
314 3289 395 3350 nulla
418 3289 505 3370 lides;
528 3288 580 3349 sed
603 3289 696 3350 limite
720 3295 804 3348 recto

83 3380 192 3458 puppis
217 3385 247 3438 et
269 3379 384 3458 aequali
407 3386 593 3439 transcurrat
616 3377 757 3438 carbasus
780 3394 860 3438 aura.
1044 3386 1099 3437 olo

84 3468 128 3529 sic
150 3466 271 3528 demum
294 3468 389 3547 rapidi
412 3469 516 3529 uenies
539 3466 575 3527 ad
598 3466 732 3527 Phasidis
756 3483 881 3526 amnem.

84 3563 181 3617 castra
203 3555 245 3616 ibi
267 3557 326 3616 iam
350 3555 486 3638 Scythiae
510 3557 706 3639 fraternaque
729 3553 985 3636 surditiam,

134 3665 183 3706 Vnt
195 3665 301 3709 Flaccus.
907 3655 932 3702 is
