2384 3878
368 634 406 717 0.
433 632 608 717 vlnnlu
635 631 798 716 illudi

224 812 933 914 ARGONAUTIOON

373 1002 524 1069 uranu
547 1001 788 1083 suenrus,

525 1183 631 1193 ..ι-...ιυ-

69 1346 166 1424 Atque
190 1363 226 1404 ea
248 1363 308 1405 non
331 1344 427 1405 oculis
450 1344 554 1405 diuum
576 1352 661 1423 pater
683 1343 808 1423 amplius
831 1347 935 1424 aequis

70 1436 227 1515 sustinuit,
250 1435 372 1513 natique
394 1435 460 1515 pios
482 1435 641 1494 miseratus
664 1451 780 1493 emeres

70 1521 215 1583 lunonem
238 1521 354 1584 ardenti
375 1521 523 1602 trepidam
545 1524 645 1600 grauis
668 1524 802 1602 increpat
823 1524 881 1582 ira:

72 1606 117 1672 ‘ut
140 1629 218 1671 noua
241 1630 322 1672 nune
344 1613 435 1672 teeite
458 1631 490 1671 se
513 1619 635 1691 pectore
659 1610 767 1689 gaudia
787 1609 908 1672 tollunt!

70 1700 174 1760 haeret
196 1702 283 1779 ineps
306 1699 436 1779 solisque
460 1700 534 1759 lurit
556 1699 731 1778 Tirynthius
754 1701 823 1759 oris.

70 1797 100 1848 at
123 1790 230 1870 comite
253 1791 444 1848 immemores
465 1787 580 1866 Minyae
604 1787 764 1867 facilesque
787 1787 892 1848 relicto

70 1877 128 1937 alta
150 1884 264 1938 tenent,
310 1879 353 1937 sie
376 1876 454 1937 luno
473 1876 581 1937 ducem
604 1876 688 1936 leuet
709 1877 795 1936 anxia
818 1878 900 1936 euris

70 1967 240 2046 Aesonium
263 1967 311 2033 sie·
328 1983 409 2026 arma
432 1968 499 2027 uiro
522 1967 680 2044 sociosque
702 1961 874 2026 ministret?

70 2057 128 2115 iam
152 2053 260 2133 quibus
283 2057 432 2116 inserte*
449 2053 536 2115 bellis
559 2053 774 2133 Scythioeeque
797 2061 957 2132 pauentem

71 2145 168 2222 gentis
190 2160 277 2224 opes,
299 2150 412 2222 quanta.
431 2141 578 2223 trepidam
601 2143 759 2204 formidine
782 2142 915 2205 uernam!
1055 2157 1094 2204 v10

70 2240 136 2293 tum
157 2231 311 2312 precihus,
333 2240 398 2293 tum
420 2249 468 2292 me
491 2231 623 2292 lacrimis
644 2239 675 2290 et
697 2230 831 2311 supplies
854 2229 957 2293 dextra

71 2320 254 2399 adtemptare
277 2328 361 2401 uet03
385 2338 490 2382 rerum-
509 2319 583 2381 mihi
605 2321 689 2380 firma
711 2327 852 2399 potestas.

71 2411 95 2490 i,
119 2409 223 2469 Furias
246 2407 452 2488 Veneremque
474 2428 576 2490 moue3
599 2408 680 2469 dahit
701 2411 791 2488 impia
814 2427 925 2487 poenas

71 2501 157 2576 uirgo
182 2516 238 2557 nee
261 2498 369 2558 Aeetae
392 2500 520 2576 gemitus
543 2500 692 2576 patiemur
715 2493 846 2557 inultos'

72 2585 146 2647 dixit
169 2594 200 2647 et
222 2603 331 2646 areano
354 2585 539 2646 redolentem
561 2593 683 2646 nectere
706 2603 815 2664 rerem,
1054 2601 1091 2650 ae

74 2693 163 2754 quem
186 2693 279 2754 penes
302 2674 359 2734 alta
383 2675 468 2753 quies
491 2673 655 2753 liquidique
678 2674 811 2752 potentia
834 2674 939 2753 somni,

73 2763 181 2824 detulit
202 2765 294 2842 inque
317 2764 388 2842 uagi
407 2761 513 2823 libauit
535 2769 669 2842 tempore
691 2764 760 2822 nati

70 2851 120 2913 ille
144 2870 251 2931 graues
274 2853 377 2913 oeulos
401 2860 431 2912 et
452 2851 546 2932 Hylan
570 2853 740 2912 resonantia
763 2869 882 2931 semper

72 2959 125 3001 ora
146 2959 300 3022 premens,
321 2949 357 3001 ut
378 2940 459 3001 nulla
481 2940 571 3000 deum
594 2958 736 3020 superare
758 2947 899 3019 potestas,

70 3029 250 3109 procumbit.
295 3029 416 3091 tandem
438 3030 527 3090 sessis
548 3047 605 3108 par
628 3028 743 3089 reddita
767 3028 859 3108 siluis,
1054 3045 1091 3094 se

71 3118 252 3197 fluminaque
277 3126 308 3179 et
330 3119 433 3179 uaeuis
455 3117 572 3178 auditae
596 3116 747 3178 mentibus
771 3135 869 3178 aurae.

116 3205 194 3267 Eece
217 3225 294 3286 puer
316 3224 432 3268 summe
454 3225 491 3266 se·
509 3205 614 3268 tollere
636 3208 722 3266 uisus
744 3205 780 3266 ah
803 3205 883 3266 unde

71 3295 228 3356 frondibus
251 3297 282 3355 in
306 3296 433 3376 croceis,
455 3297 592 3356 inimicae
616 3312 740 3356 munere
762 3293 922 3375 Nymphae,

72 3392 214 3463 stansque
238 3402 330 3463 super
352 3401 455 3445 earum
477 3383 545 3445 talis
568 3391 657 3463 eaput
679 3381 768 3443 edere
791 3398 896 3443 uoces:

72 3468 170 3554 ‘quid
192 3479 291 3552 peter,
312 3473 344 3533 in
366 3491 461 3535 uanos
483 3471 619 3536 absumis
637 3479 784 3553 tempora
802 3467 958 3550 messum
1075 3483 1100 3506 ³

123 3580 172 3623 Vel.
184 3581 263 3623 Flsoe.
892 3571 915 3617 iu
