2384 3878
91 195 133 258 38
433 194 462 248 C.
481 193 620 249 VALERI
636 193 768 250 FLACOI

90 346 259 405 exanimum
281 342 491 404 ueluti'multa
513 343 633 405 tandem
656 352 719 404 arte
743 351 879 405 coactum
1056 355 1108 407 400

89 440 203 495 maeret
226 432 315 514 ebur,
337 432 481 492 Pariusue
505 439 590 493 notas
614 440 644 493 et
667 434 787 493 nomina
810 433 937 513 sumpsit

91 542 159 583 cum
183 522 256 601 lapis
280 529 331 582 aut
353 519 459 600 liquidi
482 521 619 582 referunt
641 521 775 582 miranda
798 521 922 582 colores.

90 612 198 694 ductor
221 612 274 671 ait:
299 606 404 692 ‘quod,
427 611 527 691 uirgo,
551 610 605 670 tibi
628 628 797 689 nomenque
821 628 987 691 genusque,

90 718 166 779 quae
191 716 256 759 sors
279 700 349 779 ista,
373 700 455 759 doce.
502 699 629 759 tendunt
652 718 707 759 cur
729 697 849 760 uincula
871 693 1020 780 palmasi'

90 789 140 850 illa
164 795 296 849 tremens
320 789 459 866 tristique
483 787 586 848 oculos
609 787 724 849 deiecta
746 788 860 868 pudore
1019 820 1022 826 ·
1055 800 1109 850 470

90 872 163 937 ‘nen
186 895 240 957 ego
265 877 353 956 digna
375 872 472 937 malis’
497 878 609 957 inquit3
633 871 783 957 ‘suprema
805 885 965 956 parentum

90 966 167 1027 dona
189 964 287 1047 uides,
312 974 393 1026 ostro
417 965 555 1047 scopulos
579 984 711 1044 auroque
735 966 917 1045 frequentes.

89 1074 145 1116 nos
168 1055 204 1115 lli
222 1055 292 1114 felix
316 1055 465 1133 quondam
487 1073 594 1136 genus,
617 1054 719 1115 inuida
742 1054 836 1115 donec

90 1143 325 1204 Laomedonteos
348 1145 465 1222 lugeret
488 1143 618 1204 Fortuna
641 1152 773 1223 penates.

88 1235 236 1314 principio
260 1230 357 1292 morbi
380 1232 520 1311 caeloque
544 1240 646 1293 exacta
670 1250 776 1293 sereno

90 1323 264 1402 temperies,
288 1339 389 1381 arsere
413 1323 493 1401 rogis
517 1320 700 1382 certantibus
723 1323 795 1400 agri.

90 1418 157 1471 tum
180 1408 297 1469 subitus
320 1408 420 1488 fragor
444 1417 474 1471 et
495 1409 605 1471 fluctus
627 1409 713 1470 idaea
736 1417 892 1471 mouentes

90 1517 160 1559 cum
183 1497 306 1559 stabulis
329 1517 459 1559 nemora.
506 1517 576 1560 ecce
600 1517 709 1578 repens
733 1516 915 1576 consurgere
937 1505 1032 1577 ponto

88 1584 189 1667 belua,
213 1594 381 1647 monstrum
402 1590 521 1668 ingens3
544 1587 620 1647 hanc
644 1595 677 1647 tu
701 1605 756 1648 nec
779 1586 906 1647 molibus
929 1586 999 1650 ullis

89 1692 146 1736 nec
169 1681 272 1735 nostro
295 1678 400 1736 metire
424 1678 507 1736 mari.
552 1678 704 1755 primaeua
727 1676 840 1736 furenti
1054 1686 1108 1739 480

89 1762 159 1823 huic
183 1782 287 1826 manus
311 1763 463 1844 amplexus
486 1766 565 1824 inter
586 1764 783 1844 planctusque
805 1770 965 1844 parentum

90 1852 218 1914 deditur.
255 1852 312 1913 hoc
336 1861 447 1936 sortes,
469 1853 526 1914 hoc
551 1855 688 1933 corniger
711 1855 838 1933 imperat
859 1851 1017 1935 Hammon,

88 1943 255 2020 uirgineam
278 1942 417 2003 damnare
440 1945 567 2003 animam
591 1944 754 2021 sortitaque
778 1940 892 2002 Lethen

90 2047 230 2111 corpora;
253 2031 382 2090 crudelis
407 2031 537 2111 scopulis
560 2050 607 2091 me
631 2031 759 2091 destinat
781 2048 865 2091 urna.
1068 2086 1075 2099 ,

89 2136 198 2180 uerum
221 2138 237 2179 o
261 2121 320 2179 iam
342 2120 470 2180 redeunt
491 2119 658 2199 Phrygibus
682 2121 707 2179 si
725 2121 846 2180 numina
870 2126 964 2198 tuque
1053 2129 1105 2180 400

89 2207 139 2268 ille
163 2208 233 2269 ades
256 2210 389 2288 auguriis
411 2209 559 2289 promisse
583 2216 613 2270 et
636 2216 717 2269 sorte
741 2208 875 2289 deorum,

90 2297 150 2356 iarn
173 2299 223 2357 cui
246 2297 406 2359 candentes
429 2300 532 2359 uotiuo
556 2300 587 2357 in
606 2298 738 2376 gramine
761 2298 857 2375 pascit

90 2384 267 2464 cornipedes
290 2388 416 2467 genitor,
439 2395 558 2446 nostrae
581 2394 657 2446 stata
680 2387 756 2446 dona
780 2385 891 2465 salutis,

90 2473 187 2534 adnue
211 2491 333 2554 meque,
356 2492 477 2556 precor,
501 2475 676 2555 delectaque
699 2475 842 2555 Pergama
865 2474 1009 2536 monstris

90 2564 187 2644 eripe,
210 2581 338 2642 namque
356 2571 451 2642 potes.
484 2582 581 2644 neque
606 2565 685 2624 enim
708 2571 768 2624 tam
791 2564 848 2625 lata
871 2560 1011 2626 uidebam
1054 2573 1107 2624 400

89 2660 226 2732 pectora,
249 2652 405 2732 Neptunus
428 2671 531 2715 muros
555 2671 624 2714 cum
646 2655 783 2732 iungeret
807 2654 905 2732 astris,

89 2758 146 2800 neo
170 2741 243 2801 tales
266 2759 387 2801 umeros
409 2741 638 2821 pharetramque
662 2741 783 2820 gerebat
806 2734 930 2819 ApoNo.'

90 2837 213 2889 auxerat
234 2828 307 2889 haec
330 2828 415 2890 locus
438 2838 468 2890 et
491 2831 581 2891 iacies
605 2831 800 2891 maestissima
823 2830 902 2889 uasti

89 2915 185 2979 litoris
209 2925 239 2978 et
261 2916 369 2977 tumuli
392 2917 578 3000 caelumque,
602 2919 681 3000 quod
704 2918 826 2979 incubat
848 2915 926 2998 urbi,

89 3005 176 3084 quale
199 3005 360 3066 laborantis
383 3006 509 3067 Nemees
532 3009 590 3068 iter
613 3015 664 3067 ant
686 3006 860 3086 Erymanthi
1053 3013 1106 3066 495

89 3094 166 3154 uidit
189 3102 219 3154 et
240 3096 368 3157 infectae
390 3098 549 3156 miseratus
572 3096 694 3156 llunnna
716 3095 839 3156 Lernae.

135 3181 189 3243 Dat
210 3183 316 3263 procul
339 3186 454 3245 interea
472 3186 590 3262 signum
612 3183 769 3263 Neptunus
793 3191 823 3244 et
846 3200 905 3244 una

89 3272 274 3333 monstriferi
297 3276 412 3353 mugire
436 3275 519 3333 sinus
544 3272 689 3352 Sigeaque
712 3275 806 3353 pestis

90 3361 291 3440 adglomerare
315 3361 439 3443 fretum,
462 3363 548 3422 cuius
571 3360 717 3422 stellantia
740 3361 843 3439 glauca

88 3449 200 3511 lumina
222 3449 302 3511 nube
326 3458 472 3531 tremunt,
495 3450 590 3529 adque
614 3449 718 3510 ordine
742 3467 837 3511 curua
859 3447 984 3512 trisulco
1055 3458 1107 3510 500

75 3536 246 3601 fulmineus
268 3542 365 3620 quatit
389 3558 440 3602 ora
465 3540 580 3622 fragor,
602 3537 767 3621 pelagoque
788 3556 927 3600 remenso
