2384 3878
325 187 618 244 ARGONAUTIOON
636 189 748 244 LIBER
765 190 813 245 111.
1031 191 1078 255 47

57 339 189 417 tegmina
212 345 241 398 et
263 339 415 416 ingentem
439 337 560 417 Corythi
582 346 665 400 notat
687 338 819 418 Eurytus
841 338 985 402 umbram.

58 426 170 487 restitit
192 425 242 487 ille
265 425 359 506 gradu
383 444 509 506 seseque
532 445 549 486 a
571 427 683 488 lumine
703 429 776 488 lerri
1023 442 1079 492 100

58 517 201 576 sustinuit
222 533 380 596 praeceps,
403 513 535 576 subitum
559 535 614 577 ceu
636 524 738 595 pastor
762 517 798 577 ad
821 534 938 578 amnem

58 612 247 683 spumantem
270 603 378 664 nimbis
401 603 555 683 fluctuque
579 603 700 666 arbusta
723 613 869 668 ruentem.

57 699 88 752 et
111 692 230 772 Tydeus
254 687 303 753 ‘en
325 694 449 753 intentis
473 711 563 772 quem
585 689 714 754 uiribus'
737 696 835 774 inqult

58 777 208 861 ‘opperiar
231 780 426 861 manibusque
449 781 514 842 dari
537 801 627 861 quem
650 786 816 844 comminus
839 792 953 866 optem;

58 889 117 949 quo
141 872 260 931 steteris
283 872 413 930 moriere
435 865 522 931 loco.’
569 870 649 932 subit
671 872 721 932 ilia
744 875 845 951 cuspis
1020 885 1074 936 100

58 958 169 1040 Olenii3
193 959 274 1019 dedit
296 958 346 1019 ille
371 977 478 1020 sonum
501 977 722 1039 compressaque
746 960 889 1021 mandens

58 1066 188 1128 aequora
210 1066 394 1128 purpuream
417 1047 596 1127 singultibus
620 1048 734 1128 expulit
755 1049 878 1111 hastam.

58 1155 91 1197 ac
115 1136 199 1197 uelut
221 1140 253 1196 in
276 1137 373 1197 medio
397 1155 488 1216 rupes
510 1137 584 1198 latet
606 1136 727 1199 horrida
749 1146 851 1219 ponto,

58 1245 148 1305 quam
171 1244 261 1306 super
283 1228 379 1305 ignari
403 1244 565 1306 numquam
588 1245 694 1288 rexere
718 1229 852 1306 magistri

56 1317 235 1395 praecipites
258 1317 370 1394 inpune
394 1323 486 1396 rates,
510 1317 554 1376 010
577 1318 692 1394 agmine
716 1334 806 1377 caeco

56 1405 186 1465 incurrit
208 1405 320 1464 strictis
344 1421 449 1463 manus
473 1404 603 1464 ensibus.
650 1404 776 1465 occubat
798 1404 868 1464 lron

58 1501 88 1553 et
112 1493 200 1572 Cotys
224 1501 255 1553 et
276 1492 375 1572 Pyrno
398 1491 504 1553 mehor
526 1494 661 1572 genitore
684 1491 802 1553 Bienor.

103 1581 140 1642 ht
162 1583 256 1660 magis
278 1583 393 1641 interea
416 1576 680 1643 diuerso‘turbida
702 1589 786 1642 motu

57 1670 130 1730 urbs
154 1673 259 1749 agitur.
306 1669 422 1749 Genyso
445 1672 575 1730 coniunx
598 1679 751 1732 amouerat
774 1688 868 1751 arma3

57 1768 103 1820 ast
125 1759 168 1819 illi
191 1757 308 1820 subitus
332 1761 431 1819 uentis
454 1761 585 1838 uiuoque
608 1758 718 1820 reluxit

57 1858 139 1909 10110
163 1849 261 1928 locus,
284 1847 351 1908 telis
374 1847 497 1928 gaudes,
519 1847 700 1928 miserande,
723 1847 860 1927 repertis.

57 1936 165 2016 linquit
188 1945 218 1998 ct
241 1936 387 1997 undantes
411 1953 528 2001 mensas
550 1937 719 2014 iniectaque
742 1953 856 2014 pernox

58 2044 142 2087 sacra
164 2025 285 2105 Medon,
309 2024 439 2104 chlamys
462 2023 564 2085 inbelli
587 2026 787 2085 circumuenit
809 2030 892 2084 ostro

56 2124 137 2176 torta
159 2132 280 2174 manum
303 2116 467 2192 strictoque
491 2116 554 2174 uias
577 2113 780 2192 praefulgurat
803 2131 883 2172 ense.

56 2203 124 2265 tahs
147 2205 178 2263 iu
201 2221 282 2263 arma
304 2205 379 2283 ruit,
401 2221 457 2263 nec
480 2205 551 2263 uina
573 2202 723 2281 dapesque
746 2208 860 2261 remota

57 2300 175 2371 statque
199 2291 264 2352 loco
288 2298 385 2371 torus,
408 2294 560 2352 insomnes
583 2308 720 2351 mansere
744 2290 882 2350 ministri.

57 2382 126 2443 inde
150 2383 219 2460 uagi
241 2399 297 2441 nec
320 2379 397 2441 bella
419 2380 515 2440 modis
538 2398 594 2440 nec
618 2379 736 2440 casibus
761 2379 856 2440 isdem

58 2488 238 2531 conseruere
262 2487 351 2529 manu
375 2477 405 2531 et
427 2468 513 2549 louge
536 2471 654 2530 iacuere
678 2470 833 2549 perempti.

58 2578 128 2620 ecce
153 2577 275 2638 grauem
297 2558 383 2619 nodis
406 2560 568 2637 pinguique
592 2557 736 2618 bitumine
761 2573 904 2635 quassans

57 2648 191 2728 lampada
213 2646 331 2708 turbata
353 2644 496 2726 Phlegyas
520 2646 653 2706 decurrit
675 2644 711 2705 ab
734 2644 823 2724 urhe3

57 2737 106 2798 ille
130 2737 213 2797 leues
237 2736 273 2796 de
297 2753 379 2796 more
403 2753 508 2795 manus
532 2736 684 2812 aciemque
707 2732 864 2812 Pelasgum

56 2845 112 2906 per
136 2832 255 2887 noctem
277 2841 425 2886 remeasse
449 2833 532 2884 ratus
554 2822 733 2902 pulsumque
756 2823 914 2901 requirens

59 2933 146 2993 saepe
171 2912 228 2974 sibi
250 2931 328 2974 uano
351 2913 523 2993 Thamyrim
546 2912 674 2972 clamore
696 2911 817 2991 petebat

58 3004 170 3064 arduus
194 3011 223 3063 et
246 3002 303 3063 late
322 3004 448 3063 fumanti
471 3000 550 3063 nube
575 3019 732 3080 coruscus,

58 3100 188 3171 quantus
211 3091 262 3152 ubi
285 3094 420 3152 inmenso
443 3091 596 3170 prospexit
618 3088 655 3149 ab
678 3089 798 3149 aethere
821 3086 945 3166 Typhon
1020 3098 1076 3148 130

57 3184 126 3261 igne
151 3179 239 3241 simul
261 3183 420 3258 uentisque
443 3178 568 3259 rubens,
583 3195 681 3257 -quem
703 3176 837 3256 Iuppiter
860 3175 917 3238 alte

58 3272 142 3331 crine
165 3276 261 3350 tenet3
284 3269 433 3349 trepidant
456 3267 521 3328 diro
545 3267 601 3328 suh
624 3266 734 3328 lumine
758 3283 882 3346 puppes

57 3359 172 3420 tollitur
194 3358 264 3419 hinc
288 3365 429 3438 tantoque
453 3358 514 3418 ruit
537 3355 709 3436 Tirynthius
732 3373 804 3416 arcu

57 3456 181 3528 pectore
205 3456 286 3508 00110
309 3465 416 3527 regens
440 3446 582 3508 aduersae
606 3444 719 3526 spicula
742 3443 876 3504 llammae

57 3556 113 3617 per
135 3539 238 3616 piceos
261 3554 384 3598 accensa
408 3534 525 3619 globos,
547 3542 579 3597 et
600 3542 712 3618 pectus
728 3530 876 3595 harundo
1037 3533 1102 3580 ffi
1165 3572 1168 3577 -
