2384 3878
356 256 648 314 ARGONAUTIOON
665 256 775 312 LIBER
792 257 826 311 ll.
1056 254 1099 320 29

84 420 212 491 occupat
235 427 353 470 exesam
377 411 457 469 curis
480 414 655 486 castumque
679 406 775 469 cubile

85 508 269 579 seruantem:
293 505 392 558 manet
414 497 463 558 illa
485 499 551 558 uiro
575 495 759 575 famulasque
782 495 884 574 fatigat

85 588 262 668 uellerihuS,
286 588 363 648 tardi
385 594 526 666 reputant
549 603 624 665 quac
648 593 783 665 tempora
804 584 875 645 belli

85 686 154 740 ante
177 686 278 738 torum
301 684 331 737 51
352 676 441 755 longo
465 674 596 736 mulcent
619 676 765 736 insomnia
787 691 890 754 penso.
1050 683 1101 734 140

85 767 156 828 huic
179 766 234 827 dea
257 784 326 826 cum
348 765 478 826 lacrimis
502 772 532 825 et
554 771 625 825 nota
647 783 723 825 uoce
747 763 878 824 Neaerae

86 859 144 918 icta
168 873 258 935 genas
283 850 408 916 ‘utinam
430 872 492 915 non
514 855 563 914 hic
586 853 641 914 tihi
664 855 787 914 nuntius
810 870 917 933 essem,

86 965 104 1005 o
129 963 228 1026 soror,
251 951 302 1006 aut
324 938 457 1004 nostros'
480 944 577 1022 inquit
601 938 696 1022 ‘prius
719 942 799 1003 unda
822 941 940 1002 dolores

86 1034 207 1115 obruat,
230 1035 261 1093 in
284 1033 336 1094 tali
359 1034 499 1111 quoniam
522 1031 576 1092 tibi
599 1039 734 1111 tempore
758 1033 888 1092 coniunx

86 1125 131 1183 sic
154 1123 291 1203 meritae,
314 1123 394 1182 uotis
418 1139 507 1200 quem
530 1129 563 1182 tu
586 1120 718 1200 lletuque
741 1122 881 1200 requiris
1050 1128 1101 1178 145

84 1211 145 1273 heu
169 1211 242 1272 harit
264 1219 294 1271 et
316 1218 419 1291 captae
442 1210 563 1289 indigno
587 1210 757 1271 stimulatur
779 1227 888 1271 amore.

84 1302 205 1380 iamque
228 1301 355 1361 aderunt
377 1299 572 1379 thalamisque
595 1301 656 1360 tuis
679 1298 820 1359 Threissa
842 1299 1023 1378 propinquat

86 1408 148 1450 non
172 1391 280 1469 forma,
303 1407 363 1448 non
386 1396 449 1448 arte
474 1389 571 1469 colus,
594 1407 654 1448 non
676 1387 762 1448 laude
786 1387 910 1468 pudoris

86 1498 142 1559 par
166 1477 220 1539 tibi
244 1495 299 1537 nec
322 1479 421 1556 magni
443 1477 543 1556 proles
565 1476 717 1561 praeclara
740 1476 867 1556 Dorycli,

85 1569 166 1648 picta
189 1585 295 1628 manus
319 1573 447 1644 ustoque
469 1565 567 1646 placet
590 1565 642 1626 sed
665 1564 790 1626 barbara
813 1572 923 1626 mento.
1050 1571 1103 1623 150

86 1675 120 1717 55
144 1665 243 1717 tamen
266 1655 321 1715 hos
344 1655 408 1715 aliis
431 1655 531 1715 forsan
555 1654 689 1716 solabere
714 1673 800 1715 casus

86 1754 119 1806 tu
143 1744 279 1806 thalamis
302 1745 421 1823 fatoque
444 1743 525 1823 leges
548 1744 670 1805 meliore
693 1749 830 1824 penates3

86 1853 134 1895 me
159 1842 209 1894 tua
232 1835 335 1894 matris
359 1851 450 1912 egens
474 1833 669 1912 damnataque
691 1832 804 1912 paelice
828 1830 927 1910 proles

87 1925 247 2004 exanimat,
271 1941 359 2001 quam
382 1924 441 1982 iam
464 1923 590 1982 miseros
612 1929 785 1982 transuersa
808 1928 943 1980 tuentem

86 2011 250 2091 letalesque
274 2012 364 2091 dapes
386 2010 555 2088 iniectaque
578 2010 684 2090 pocula
708 2028 807 2070 cerno.
1053 2014 1103 2066 155

88 2103 148 2161 5515
172 2100 266 2162 simile
289 2108 323 2161 ut
345 2099 471 2160 flammis
494 2101 588 2160 simus
611 2117 718 2179 genus3
742 2098 815 2158 adde
841 2097 974 2158 cruentis

89 2189 169 2269 quod
192 2191 321 2269 patrium
346 2190 461 2249 saeuire
486 2187 583 2249 Dahis.
628 2191 687 2249 iam
710 2188 785 2249 lacte
809 2188 915 2266 lerino,

80 2281 147 2339 >iam
170 2279 273 2341 ueniet
296 2277 400 2338 durata
423 2277 500 2356 gelu.
547 2278 599 2337 sed
623 2296 670 2338 me
695 2294 813 2356 quoque
837 2274 954 2356 pulsam

88 2367 166 2428 sama
188 2369 268 2447 uiro,
292 2374 471 2445 nostrosque
495 2375 577 2427 toros
600 2367 715 2445 uirgata
737 2364 851 2426 tenebit

89 2464 119 2517 51
141 2455 276 2536 plaustro
300 2456 423 2536 derepta
446 2451 562 2516 nurus?
609 2457 651 2516 sic
675 2456 734 2515 1515
757 2453 904 2534 querellas
1054 2461 1106 2512 160

89 2544 215 2606 abscidit
238 2554 269 2606 et
288 2542 378 2607 ¹curis
394 2544 532 2624 pauidam
555 2543 743 2623 lacrimisque
767 2543 917 2622 relinquit.

89 2635 197 2696 transit
220 2633 256 2694 ad
279 2633 426 2713 lphinoen
448 2634 603 2711 isdemque
626 2633 815 2712 Amythaonis
838 2630 942 2710 implet

90 2722 247 2802 Oleniique
271 2722 392 2783 domum
415 2722 514 2803 iuriis3
538 2730 630 2783 totam
652 2721 721 2781 inde
744 2740 799 2800 per
822 2720 928 2780 urbem

88 2819 243 2893 personat,
266 2817 300 2872 ut
323 2819 445 2871 cunctas
469 2813 580 2890 agitent
602 2810 750 2890 expellere
774 2808 895 2889 Lemno,

89 2903 147 2981 ipsi
170 2900 276 2961 urbem
299 2899 522 2979 Thraessaeque
546 2907 658 2978 regant.
691 2899 775 2959 dolor
798 2901 901 2976 iraque
925 2898 1030 2976 surgit.
1055 2904 1106 2957 115

90 2989 179 3051 obuia
202 3008 337 3069 quaeque
361 2989 464 3050 eadem
487 2989 636 3068 traditque
660 2989 814 3069 auditque,
838 3005 935 3066 neque
959 2986 1012 3048 ulli

89 3096 167 3139 uana
190 3079 272 3139 fides.
320 3086 383 3139 tum
405 3097 480 3139 uoce
504 3079 589 3159 deos,
613 3085 677 3139 tum
700 3077 856 3156 questibus
879 3075 1013 3157 implent,

90 3167 193 3228 oscula
215 3169 431 3246 iamquetoris
455 3168 550 3247 adque
574 3167 675 3228 oscula
697 3166 834 3246 postibus
857 3167 930 3244 ipsis

89 3259 274 3336 ingeminant
296 3257 485 3335 lacrimisque
508 3259 618 3318 iterum
642 3257 769 3334 uisuque
794 3262 956 3315 morantm·.

88 3345 251 3425 prosiliunt
273 3364 329 3406 nec
351 3352 430 3406 tecta
453 3348 553 3407 uirum
575 3345 778 3424 thalamosque
802 3344 940 3404 reuistmt
1055 3352 1106 3404 110

91 3433 233 3515 amplius,
257 3435 459 3514 adglomerant
482 3452 548 3495 sese
571 3434 720 3513 nudisque
745 3433 800 3494 sub
824 3435 912 3493 astris

91 3522 260 3584 condensae
283 3523 371 3585 llctus
394 3531 506 3585 acuunt
528 3542 562 3584 ac
586 3523 650 3584 dira
671 3530 833 3603 precantur

91 3613 229 3693 coniugia
253 3620 283 3673 51
307 3612 422 3694 Stygias
444 3612 567 3675 infanda
589 3613 629 3675 ad
648 3612 779 3675 loedcra
795 3610 918 3673 taedas.
