2384 3878
362 192 654 255 Andonauutoon
672 197 782 253 LIBER
799 197 833 254 V.
1060 197 1103 261 91

87 343 239 407 montibus
262 343 384 405 Alciden
407 345 567 407 dimissaue
590 355 660 408 uota
682 342 880 430 retempteti)

87 452 213 515 pergere
236 434 295 495 iter
319 435 405 514 socii;
428 442 545 496 tantum
568 438 716 498 muantur
738 437 774 498 ab
798 436 857 497 alto

86 523 175 587 litora
197 522 331 584 discussa
355 524 449 583 sterni
472 525 542 585 niue
565 533 713 605 ruptaque
737 543 806 586 saxa

89 620 119 675 et
141 610 231 674 simul
253 613 405 691 ingentem
426 612 621 674 moribundae
645 614 775 695 desuper
798 614 934 676 umbram
1053 626 1103 678 175

88 701 165 763 alitis
188 699 283 780 adque
307 703 380 762 atris
403 710 539 763 rorantes
561 701 708 765 imbribus
731 722 827 765 auras.

133 788 183 852 Sol
205 791 330 870 propius
353 789 521 852 flammabat
543 809 647 871 aquas,
670 800 863 872 extremaque
886 793 973 854 sessis

88 885 227 960 coeperat
249 884 366 959 optatos
388 881 447 939 iam
468 879 520 940 lux
542 880 700 941 ostendere
725 879 859 962 Colchos,

86 985 212 1048 magnus
235 966 288 1029 ubi
310 966 471 1029 aduersum
494 971 645 1049 spumanti
666 968 770 1030 Phasis
793 971 825 1030 in
847 988 960 1049 aequor

87 1075 139 1119 ore
162 1057 232 1117 ruit.
279 1058 380 1118 cuncti
401 1059 514 1137 pariter
536 1057 600 1118 loca
624 1057 723 1119 debita
746 1066 874 1120 noscunt
1052 1073 1104 1123 180

87 1148 230 1226 signaque
254 1154 486 1208 commemorant
509 1165 704 1227 emensasque
728 1147 832 1209 ordine
855 1156 969 1229 gentes,

86 1235 217 1314 dantque
239 1241 335 1295 ratem
357 1235 458 1297 fluuio.
505 1236 593 1298 simul
614 1238 735 1298 aethere
758 1237 846 1316 plena
869 1256 994 1299 corusco

86 1321 182 1384 Pallas
205 1330 236 1383 et
259 1322 407 1404 alipedum
429 1325 503 1385 luno
526 1328 595 1406 iuga
613 1328 692 1386 sistit
715 1344 870 1404 equorum.

130 1412 173 1473 bc
196 1411 267 1473 dum
289 1414 386 1492 prima
407 1415 493 1491 graui
515 1413 622 1475 drictor
646 1412 727 1474 subit
749 1417 825 1474 ostia
846 1414 945 1494 pulsu,

85 1501 231 1582 populeos
253 1499 349 1561 flexus
367 1501 575 1581 tumulumque
598 1504 726 1564 uirentia
745 1521 835 1581 supra
1050 1514 1102 1565 185

86 1589 209 1651 tlumina
232 1592 351 1669 cognati
372 1590 469 1650 medio
493 1591 576 1651 uidet
599 1610 705 1672 aggere
729 1590 839 1672 Phrixi,

87 1696 177 1758 quem
200 1696 300 1739 comes
324 1679 425 1739 infelix
443 1681 557 1759 pariter
579 1680 616 1740 de
636 1698 782 1741 marmore
806 1682 888 1741 iuxta

86 1775 145 1829 stat
168 1784 267 1848 soror,
289 1766 359 1828 hinc
382 1786 488 1828 saeuae
511 1768 668 1828 formidine
692 1775 804 1829 maesta
826 1786 983 1849 nouercae,

85 1855 155 1917 inde
179 1857 269 1916 maris
291 1855 459 1936 pecudique
482 1858 591 1917 timens
614 1859 757 1936 inponere
776 1856 896 1935 palmas.

85 1948 194 2007 sistere
217 1953 282 2006 tum
305 1946 402 2005 socios
425 1944 509 2006 iubet
531 1945 626 2024 adque
649 1945 720 2006 hinc
742 1948 838 2025 prima
861 1946 946 2025 ligari
1050 1958 1102 2007 lto

86 2032 220 2115 uincula,
244 2051 300 2094 ceu
322 2033 448 2113 Pagasas
470 2037 660 2114 patriumque
683 2037 841 2095 intrauerit
865 2051 989 2096 amnem.

86 2125 151 2203 ipse
176 2124 260 2203 graui
282 2130 385 2202 patera
408 2125 485 2184 sacri
507 2123 646 2185 libamina
668 2122 777 2185 Bacchi

86 2213 144 2274 rite
168 2211 268 2272 ferens
292 2211 428 2272 umbram
450 2220 538 2273 uocat
562 2220 591 2273 et
615 2214 658 2273 sic
681 2212 761 2273 fatur
784 2211 820 2272 ad
844 2230 923 2272 aras:

86 2297 154 2381 ‘per
176 2318 271 2380 genus
295 2300 390 2380 adque
412 2319 500 2381 pares
523 2308 624 2375 tecum
646 2300 731 2382 mihi,
754 2300 877 2381 Phrixe,
900 2299 1016 2362 labores

86 2398 134 2472 tu,
156 2406 278 2470 precor,
302 2408 370 2450 orsa
393 2407 479 2470 rogas
501 2409 609 2471 meque
631 2390 679 2451 his
702 2392 811 2451 tuteris
833 2391 866 2449 in
888 2392 949 2451 oris
1050 2401 1101 2451 leb

86 2487 132 2541 tot
154 2479 243 2560 freta,
265 2485 310 2539 tot
331 2497 421 2558 prora
442 2482 616 2559 properanti
639 2478 737 2540 sidera
758 2497 887 2559 passum.

86 2568 209 2648 Phrixe,
233 2567 299 2628 saue
324 2576 354 2627 et
376 2570 486 2646 patrias
508 2568 643 2646 placidus
666 2570 859 2627 reminiscere
883 2575 986 2628 terras.

87 2666 121 2719 tu
145 2674 264 2736 quoque
288 2673 381 2737 nunc,
404 2656 519 2716 tumulo
542 2657 723 2735 nequiquam
746 2654 865 2715 condita
887 2656 976 2736 inani,

86 2745 183 2807 adnue
206 2745 276 2806 diua
298 2746 388 2805 maris
410 2762 595 2823 numeroque
619 2743 726 2805 accede
749 2751 878 2804 tuorum.

87 2834 205 2914 quando
230 2841 347 2914 egomet
369 2851 475 2895 rursus
497 2842 605 2914 perte
629 2828 744 2894 uehar?
767 2851 857 2894 aurea
880 2832 998 2912 quando
1049 2844 1101 2894 200

88 2923 196 2985 Seston
219 2931 249 2984 et
271 2923 417 2984 infaustos
440 2923 622 3002 adgnoscent
644 2922 757 2984 uellera
778 2918 909 2983 fluctus?

86 3031 142 3074 uos
166 3015 254 3073 etiam
278 3012 379 3094 siluae,
401 3031 457 3073 uos
481 3011 637 3073 Colchidos
660 3012 786 3090 hospitis
809 3029 888 3090 orae,

86 3101 220 3184 pandite,
244 3099 328 3162 diues
352 3100 404 3162 ubi
425 3100 511 3180 pellis
535 3103 624 3162 micet
642 3099 749 3159 arbore
773 3117 864 3159 sacra.

86 3198 159 3253 tunc
181 3189 249 3272 tibi,
272 3189 393 3251 secundi
415 3188 515 3270 proles
538 3189 630 3271 louis,
655 3196 720 3249 orte
743 3187 834 3248 niuali

86 3279 217 3340 Arcados
240 3297 293 3339 axe
317 3279 405 3361 deae,
427 3277 520 3339 iluuio
543 3279 644 3359 modo,
667 3277 768 3358 Phasi,
792 3279 894 3355 quieto
1048 3286 1100 3338 205

85 3367 246 3428 Palladiam
268 3371 380 3448 patiare
403 3375 511 3448 ratem,
534 3386 590 3428 nec
614 3367 703 3447 dona,
726 3384 782 3426 nec
805 3383 873 3434 arae

87 3456 239 3518 doluerint
260 3456 368 3518 tellure
391 3476 470 3539 mea3
494 3456 719 3535 reuerendaque
743 3456 819 3516 natis

87 3545 201 3625 effigies
224 3553 267 3628 te,
290 3544 393 3631 Phasi,
415 3554 533 3632 manet,
555 3564 651 3630 quam
668 3562 803 3626 maguus
816 3541 969 3617 imus
