2384 3878
117 190 180 256 108
458 191 487 246 C.
505 191 645 247 vahsei
662 191 792 248 FLAOGI

115 345 208 404 crinis
231 345 323 426 inest,
346 342 443 403 natale
466 342 558 404 decus
583 336 648 425 (dat
669 342 786 422 longior
809 349 889 404 aetas

115 434 174 492 iam
197 427 354 515 spatium);
376 431 488 512 triplici
510 450 692 511 percurrens
714 440 850 511 tempora
873 431 951 492 nodo

116 520 244 584 demittit
268 539 352 582 sacro
376 523 508 599 geminas
531 539 548 580 a
571 523 686 581 uertice
710 523 809 582 uittas.

116 611 203 673 Datin
226 610 439 671 Achaemeniae
463 612 583 689 grauior
607 609 643 670 de
666 608 793 670 uulnere
815 628 931 689 pugnae

27 744 31 751 -
115 702 197 761 misit
218 701 250 760 in
273 717 355 760 arma
377 698 502 781 Daraps,
525 700 604 759 acies
628 716 716 777 quem
739 699 842 759 Martia
866 702 979 760 cinctam

115 787 328 870 Gangaridum,
350 797 479 867 potaque
502 787 599 848 Gerus
622 805 696 866 qnos
721 789 824 848 efferat
846 788 934 869 unda,

116 879 226 958 quique
250 876 347 938 lacum
370 880 490 938 cinxere
513 876 622 955 Bycen.
667 895 727 936 non
751 878 846 938 defuit
868 877 979 960 Anxur,

115 985 176 1027 non
199 966 330 1027 Rhadalo
354 967 537 1028 cumfratre
563 964 667 1047 Sidon,
690 965 874 1045 Acesinaque
898 967 983 1027 laeuo
1023 1009 1026 1013 ·

116 1057 213 1116 omine
237 1054 372 1116 fatidicae
396 1055 524 1116 Phrixus
547 1056 785 1133 mouet'agmina
809 1074 925 1116 cernae.

116 1148 179 1225 ipsa
203 1162 316 1226 comes,
340 1147 429 1204 saetis
453 1144 570 1221 fulgens
594 1151 624 1202 ct
647 1143 788 1204 cornibus
812 1147 920 1226 aureis,

115 1242 183 1295 ante
207 1236 301 1293 aciem
325 1234 397 1294 celsi
419 1231 540 1292 uehitur
563 1234 726 1309 gestamine
750 1236 831 1293 conti

115 1330 228 1384 maesta
250 1340 306 1382 nec
328 1324 360 1382 in
384 1338 490 1381 saeriae
514 1320 597 1380 lucos
620 1320 753 1381 reditura
776 1321 893 1399 Dianae.

115 1413 212 1473 mouit
234 1416 264 1471 et
286 1410 395 1490 Hylaea
418 1408 544 1490 supplex
567 1427 636 1469 cum
659 1418 747 1488 gente
772 1411 889 1490 Syenen

114 1502 196 1580 inpia
218 1503 351 1580 germani
373 1498 572 1578 praetendens
595 1497 718 1559 uolnera
742 1499 858 1560 Perses,

116 1590 236 1650 densior
259 1588 332 1650 haut
354 1605 481 1666 nsquam
504 1605 559 1646 nec
583 1587 690 1647 celsior
714 1589 819 1649 extulit
842 1588 915 1649 ullas

115 1677 191 1740 silua
213 1677 330 1758 trabes,
352 1678 508 1754 fessaeque
531 1678 615 1754 prius
638 1676 755 1737 rediere
779 1679 902 1756 sagittae

116 1860 188 1936 quin
212 1865 242 1917 et
265 1854 301 1915 ab
324 1855 469 1935 Hyrcanis
492 1852 627 1914 Titanius
650 1855 764 1934 expulit
786 1858 881 1915 antris

94 1957 96 1962 '
116 1946 200 2027 Cyris
223 1949 256 2007 in
278 1962 359 2004 arma
382 1946 478 2024 uiros,
501 1941 702 2020 plaustrisque
726 1943 761 2003 ad
784 1944 897 2023 proeha
920 1954 1045 2007 cunctas

116 2033 280 2096 Coelaletae
303 2041 420 2093 traxere
443 2049 562 2111 manus,
585 2031 627 2092 ibi
648 2031 759 2093 suttilis
782 2033 839 2093 illis

114 2133 145 2185 et
169 2122 274 2183 domus
298 2129 328 2182 et
351 2120 443 2182 crudo
467 2119 602 2180 residens
626 2120 682 2181 sub
707 2121 817 2182 uellere
842 2124 971 2183 coniunx

115 2220 146 2274 et
167 2231 243 2292 puer
267 2230 283 2271 e
306 2213 402 2290 primo
425 2217 571 2288 torquens
593 2217 712 2270 temone
737 2213 853 2272 cateias.

114 2300 259 2380 linquitur
282 2298 426 2378 abruptus
449 2298 553 2377 pelago
576 2297 666 2380 Tyra,
689 2299 835 2378 linquitur
858 2308 888 2360 et
910 2318 996 2361 mons

114 2388 265 2451 Ambenus
289 2397 319 2449 et
342 2387 446 2466 gelidis
469 2386 585 2465 pollens
608 2385 741 2465 Ophiusa
763 2391 897 2450 uenenis.

115 2480 337 2559 degeneresque
361 2484 454 2537 ruunt
479 2474 563 2535 Sindi
584 2474 807 2555 glomerantque
831 2485 956 2556 paterno

114 2570 238 2629 crimine
261 2585 342 2627 nunc
366 2566 455 2626 etiam
477 2571 646 2625 metuentes
669 2564 796 2626 uerbera
819 2575 941 2627 turmas.

113 2657 168 2718 hos
192 2675 284 2737 super
307 2662 436 2715 aeratam
458 2653 582 2715 Phalces
606 2656 665 2734 agit
689 2672 818 2734 aequore
841 2654 951 2734 pubem

114 2764 182 2807 cum
206 2745 340 2825 fremitu,
364 2743 509 2821 densique
532 2741 634 2803 leuant
656 2743 764 2804 uexilla
788 2743 906 2826 Coralli,

113 2831 284 2895 barbaricae
310 2834 376 2910 quis
400 2833 483 2909 signa
507 2840 590 2892 rotae
613 2832 783 2911 ferrataque
808 2833 897 2895 dorso

112 2924 207 2984 forma
230 2938 319 2982 suum
341 2928 526 2997 truncaeque
549 2920 629 2980 louis
653 2921 810 2982 simulacra
833 2921 997 3003 columnae,

111 3011 224 3092 preeha
247 3028 303 3070 nec
326 3026 417 3070 rauco
441 3015 547 3069 curant
569 3009 730 3071 incendere
754 3030 857 3094 cornu,

111 3100 265 3179 indigenas
289 3097 341 3158 sed
364 3099 421 3157 rite
445 3097 537 3158 duces
560 3106 590 3158 et
612 3101 711 3178 prisca
734 3119 858 3160 suorum

111 3189 188 3251 facta
211 3195 323 3250 canunt
345 3194 543 3265 ueterumque
567 3189 641 3247 uiris
664 3188 830 3249 hortamina
856 3188 967 3249 laudes.

111 3286 157 3339 ast
178 3276 232 3338 uhi
255 3275 391 3336 Sidonias
414 3277 494 3336 inter
516 3275 608 3353 pedes
632 3286 738 3356 aequat
761 3276 899 3359 habenas,

34 3416 38 3423 .
110 3366 192 3427 illinc
215 3367 328 3426 iuratos
350 3366 383 3424 in
406 3382 438 3424 se
462 3363 553 3424 trahit
575 3365 634 3425 Aea
657 3365 807 3447 Ratarnas,

98 3470 191 3534 quos,
219 3454 299 3514 duce
325 3453 512 3536 Teutagono,
536 3454 622 3515 crudi
644 3473 728 3515 mora
751 3457 871 3516 corticis
895 3465 990 3516 armat

76 3551 246 3620 aequaque
268 3560 330 3604 nec
355 3543 443 3606 ferro
469 3543 596 3608 breuior
619 3564 678 3608 nec
692 3545 813 3625 rumpia
827 3543 923 3623 liguo.
