2384 3878
133 141 202 254 128ι
333 175 337 183 ’
485 190 514 245 c.
532 189 671 244 vanum
688 187 818 245 nuncet

132 361 201 403 ecce
224 343 307 403 uidet
330 343 413 402 tenui
437 342 615 415 candescere
638 339 750 400 lumine
774 357 875 419 eoum3

131 450 186 492 nec
210 434 309 492 minus
331 433 498 491 insomnem
521 429 572 490 lux
595 436 660 488 orta
683 429 789 510 refecit
812 436 968 508 amantem,

133 539 221 599 quarn
245 538 314 581 cum
336 520 510 598 languentes
533 517 609 578 leuis
633 519 721 596 erigit
743 516 839 578 imber
862 519 968 577 aristas

132 617 273 688 grataque
297 611 355 668 iarn
378 609 465 668 fessis
489 606 674 668 descendunt
696 606 814 667 flamina
838 608 937 665 remis.
1113 615 1144 664 25

176 743 213 803 nt
237 760 291 803 sua
314 742 469 821 longarum
491 740 604 820 Minyas
627 742 686 800 iam
709 757 780 801 cura
804 740 921 799 uiarum

133 832 284 912 admonet;
308 833 398 910 inque
422 832 487 910 ipso
510 831 691 908 nequiquam
713 838 848 907 tempore
872 844 974 905 regem

132 919 259 981 laetitiae
283 922 442 999 meritique
465 926 584 999 petunt3
608 936 698 997 quem
719 934 825 996 passus
848 915 934 976 lason

132 1017 202 1069 nota
224 1011 308 1088 prius
332 1017 490 1088 captasque
514 1007 577 1067 deis
601 1006 769 1085 appendere
792 1005 925 1085 praedas,

132 1100 282 1178 prominet
305 1098 400 1176 adque
424 1096 527 1157 oculos
550 1095 636 1174 longe
659 1103 757 1175 tenet,
781 1112 871 1153 aurea
895 1094 1003 1153 sliam
1114 1104 1146 1152 30

134 1185 220 1267 pellis
244 1194 274 1246 et
297 1184 402 1246 oblatis
426 1185 590 1244 clarescant
613 1185 687 1243 atria
710 1183 798 1243 uillis,

177 1319 229 1379 llle
253 1326 352 1379 autem
374 1320 433 1378 iarn
456 1320 514 1377 iarn
537 1318 639 1379 anelitus
662 1335 813 1396 uocesque
837 1324 992 1396 parantem

133 1409 287 1468 anteuenit
309 1410 481 1486 rumpitque
503 1424 602 1468 moras
625 1409 715 1485 inque
739 1408 803 1485 ipsa
826 1407 975 1466 mouentis
1068 1421 1071 1427 ’

133 1495 251 1575 prosilit
273 1514 325 1556 ora
348 1497 408 1556 uiri
430 1495 540 1574 tahque
564 1495 727 1556 ellunditur
749 1497 806 1554 ira:

136 1579 219 1645 ‘orhe
244 1593 323 1645 satos
346 1584 416 1664 aiio,
440 1602 494 1644 sna
516 1583 603 1644 litora
626 1601 776 1662 regnaque
799 1582 952 1663 hahentes,
1115 1592 1147 1643 35

134 1674 202 1752 quis
225 1674 309 1733 furor
332 1672 386 1732 has
408 1673 514 1733 mediis
536 1680 581 1733 tot
603 1671 744 1732 fluctibus
768 1672 828 1750 egit
850 1673 881 1731 in
906 1688 982 1752 oras,
1086 1689 1089 1695 ¹

136 1763 242 1841 quisue
265 1763 324 1822 mei
347 1780 402 1822 uos
424 1769 527 1822 tantus
550 1756 655 1822 amor?
677 1769 711 1822 tu
733 1762 829 1840 prima
852 1759 998 1820 malorum

135 1869 224 1911 causa
246 1850 332 1932 mihi,
355 1858 402 1933 tn,
425 1850 534 1911 Phrixe
558 1868 658 1929 gener.
691 1867 751 1909 non
775 1857 804 1910 te
828 1866 957 1928 aequore
980 1866 1115 1910 mersum

85 1987 87 1990 Α
135 1957 193 2018 quo
213 1938 312 1999 sorori
336 1947 369 1999 ut
392 1939 462 1999 felix
485 1938 582 1999 nullos
606 1957 685 2000 nune
710 1941 829 1999 nomine
853 1937 957 1998 Graios

135 2045 255 2087 nossem
278 2026 346 2106 ego!
371 2029 437 2105 quis
451 2046 557 2105 regum
570 2027 675 2108 Pelias,
690 2029 757 2107 quis
771 2026 931 2087 Thessalus
954 2034 1006 2087 aut
1021 2044 1097 2105 quae
1115 2037 1148 2086 40

135 2112 279 2176 Graecia?
302 2113 450 2195 quodnam
463 2116 618 2176 hominum
631 2116 745 2195 Minyae
759 2111 876 2195 genus?
899 2120 950 2175 aut
973 2113 1025 2175 uhi
1049 2123 1148 2176 cautes

136 2201 289 2283 Cyaneae?
312 2207 395 2265 uenit
419 2204 571 2284 Scythicas
595 2223 632 2265 en
654 2204 764 2284 hospes
787 2207 818 2264 in
842 2222 917 2265 oras,

135 2295 348 2372 quinquaginta
371 2293 470 2353 Asiam
493 2287 600 2376 (pudet
623 2287 711 2375 haul)
734 2295 899 2372 penetrarit
921 2292 1007 2352 lason

34 2425 36 2428 -
135 2377 293 2442 exulibus?
315 2399 422 2460 meque
446 2390 513 2441 ante
534 2382 605 2442 alios
629 2384 672 2442 sic
696 2384 845 2460 spreuerit
868 2400 936 2462 una,

135 2487 194 2528 una
217 2471 304 2549 ratis,
328 2469 454 2548 spolium
477 2479 511 2530 ut
533 2471 604 2530 uiuo
623 2470 659 2530 de
684 2488 754 2548 rege
777 2466 932 2549 reportet?
1116 2480 1149 2529 45

134 2560 232 2636 ipsum
256 2559 377 2639 offerre,
401 2576 483 2619 meos
506 2561 604 2638 ipsum
628 2577 674 2619 me
698 2560 828 2637 pandere
852 2560 935 2620 lucos

134 2647 261 2725 imperet
285 2656 315 2707 et
338 2646 419 2707 nullo
443 2648 581 2726 dignetur
605 2649 726 2708 uincere
750 2645 850 2709 hello?

135 2753 190 2795 cur
214 2754 267 2814 age
290 2754 350 2795 non
373 2735 491 2816 templis
516 2744 629 2797 sacrata
652 2737 781 2797 auellere
806 2738 882 2798 dona

134 2823 272 2884 omnihus
296 2824 391 2902 adque
414 2827 493 2904 ipsas
516 2828 637 2904 gremiis
660 2825 807 2886 abducere
832 2834 923 2905 natas,

134 2913 258 2994 praedo,
281 2909 374 2973 libet?
398 2913 522 2974 uohisne
546 2914 663 2994 domos,
686 2912 811 2975 uobisnc
834 2923 957 2993 penates
1116 2924 1149 2974 50

134 3019 200 3061 esse
223 3009 340 3082 putem,
363 3004 436 3063 ratis
459 3002 587 3063 infandis
611 3021 686 3082 qnos
709 3001 771 3062 sola
794 3004 905 3082 rapinis

135 3107 282 3169 saeuaque
305 3093 401 3170 pascit
423 3091 538 3172 hiemps
557 3099 587 3151 et
610 3109 699 3173 quos,
723 3092 878 3152 credamus
902 3099 936 3152 ut
958 3093 1042 3174 ipsis,

134 3196 187 3238 rex
211 3198 283 3239 suus
306 3180 419 3240 inmisit
440 3181 543 3260 pelago
567 3183 723 3259 uetuitque
746 3176 881 3242 reuerti?

135 3266 248 3328 scilicet
271 3268 387 3329 Aeoliae
411 3270 535 3348 pecudis
557 3277 713 3348 poteretur
736 3279 770 3331 ut
792 3266 888 3331 auro?

135 3365 202 3416 ante
227 3374 311 3417 meus
335 3376 420 3418 caesa
443 3357 604 3418 descendet
622 3357 771 3419 Caucasus
795 3357 900 3418 umbra
1017 3421 1021 3427 ,
1116 3367 1147 3417 55

128 3461 166 3499 ac
182 3447 274 3521 prior
293 3444 472 3508 haemonias
495 3455 611 3525 repetet
635 3466 726 3526 super
749 3465 877 3526 aequora
900 3446 1025 3527 praedas

109 3537 168 3587 aut
189 3550 249 3609 ego
273 3553 346 3596 curn
372 3539 458 3601 uittis
485 3547 616 3602 statuam
640 3536 784 3598 leralihus
801 3535 920 3596 llellen.
