2384 3878
319 187 609 242 ARGONAUTICON
628 185 737 241 LIBER
754 186 815 240 VH.
1014 185 1076 250 137

62 340 127 399 siue
146 339 223 398 mori
246 336 454 417 quodcumque
478 335 565 415 ueht3
587 338 699 396 maiora
716 342 856 414 precatur

64 429 208 507 earmina,
231 427 358 486 maiores
376 423 508 485 Hecaten
530 425 680 484 inmittere
704 425 786 484 uires

63 533 144 576 nunc
165 513 237 596 sibi,
259 531 316 574 neo
338 514 418 572 notis
441 511 537 573 stabat
560 520 700 573 contenta
722 512 856 572 uenenis.

64 605 194 682 cingitur
216 602 285 662 inde
309 603 393 662 sinus
416 609 460 682 et,
484 619 542 679 qua
565 600 622 661 sihi
644 600 702 661 lida
724 602 817 678 magis
841 600 888 659 uis
1026 610 1078 661 300

63 691 157 772 nulla,
180 689 374 751 Prometheae
397 688 502 749 liorem
525 690 561 750 de
586 691 728 768 sanguine
752 687 843 748 librae

63 779 204 840 Caucasei
224 780 335 859 promit
357 779 503 838 nutritum
520 780 551 838 in
575 779 707 857 grandnc
725 778 843 857 montis,

63 886 154 947 quem
167 885 251 929 sacer
273 866 322 927 ille
345 867 431 927 niues
453 869 532 927 inter
555 868 716 944 tristesque
738 866 862 944 pruinas

63 959 151 1019 durat
173 955 283 1035 alitque
307 972 411 1037 eruor,
434 972 503 1016 oum
526 957 643 1016 uiscere
667 953 770 1015 uultur
793 951 881 1012 adeso

64 1045 178 1106 tollitur
201 1044 363 1124 esoopuhs
387 1050 417 1103 et
440 1051 540 1104 rostro
562 1045 676 1103 inrorat
699 1048 811 1121 aperto.
1025 1052 1077 1102 300

62 1135 142 1194 idem
165 1151 220 1193 nec
243 1133 324 1211 longi
346 1131 511 1211 languescit
533 1129 643 1194 finibus
665 1132 731 1191 aeui

62 1221 218 1283 inmortale
242 1223 358 1302 uirens,
381 1221 460 1282 idem
483 1228 542 1282 stat
565 1220 688 1281 fulmina
711 1226 815 1280 contra

62 1310 163 1371 saluus
187 1312 270 1370 etin
292 1310 397 1370 mediis
418 1310 581 1370 florescunt
603 1309 722 1388 ignibus
745 1305 863 1368 herbae.

61 1401 157 1478 prima
179 1397 289 1459 Hecate
305 1397 414 1477 Stygiis
437 1397 574 1458 duratam
595 1395 728 1480 fontibus
750 1395 864 1473 harpen

61 1487 162 1548 intulit
185 1494 215 1547 et
237 1485 350 1547 ualidas
373 1484 504 1566 scopudis
527 1485 628 1546 eliodit
650 1486 769 1564 aristas3
1023 1493 1075 1544 300

62 1593 132 1636 mox
154 1574 280 1635 lamrdae
305 1581 468 1636 monstrata
490 1592 590 1656 seges,
614 1592 688 1652 quae
711 1571 845 1651 lampado
868 1569 1003 1631 Phoebes

62 1663 118 1724 snb
142 1663 256 1724 decima
278 1664 346 1742 iuga
370 1662 429 1724 ieta
452 1665 536 1724 metit
560 1665 713 1742 saeuitque
736 1678 791 1741 per
814 1677 918 1721 omnes

63 1751 216 1830 relliquias
240 1753 410 1830 saniemque
435 1751 496 1832 dei3
520 1754 610 1831 gemit
632 1753 740 1811 inritus
762 1749 811 1809 ille

62 1837 219 1900 Colchidos
243 1857 295 1900 ora
318 1848 419 1920 tuens3
442 1847 504 1901 toto
528 1847 600 1900 tuuc
623 1837 771 1900 contrahit
793 1844 876 1897 artus

61 1935 163 1988 monte
186 1928 271 1988 dolor
294 1934 479 2007 cunctaeque
503 1936 636 1989 tremunt
659 1926 714 1988 suh
737 1926 811 1986 lalce
835 1931 965 1985 catenae.
1023 1935 1076 1985 3⁷0

106 2014 228 2077 Talibus
246 2016 349 2076 infelix
372 2023 476 2077 contra
499 2035 553 2078 sua
575 2035 667 2096 regna
690 2016 815 2077 uenenis

61 2105 197 2165 induitur
220 2107 360 2184 noctique
383 2113 516 2166 tremens
539 2105 669 2166 infertur
692 2122 809 2184 opacae.

62 2193 112 2253 dat
135 2192 269 2253 dextram
292 2210 458 2272 uocemque
481 2193 581 2254 Venus
604 2192 778 2271 blandisque
801 2197 960 2270 pauentem

62 2280 208 2359 adloquiis
230 2282 393 2360 iunctoque
417 2280 508 2342 trahit
530 2300 585 2361 per
607 2283 724 2342 moenia
745 2298 844 2360 passu.

62 2368 158 2447 qualis
181 2368 276 2430 adhue
294 2377 415 2431 teneros
437 2372 587 2431 insuetum
609 2369 716 2450 pallida
739 2369 817 2430 ictus
1022 2378 1075 2429 att

62 2464 157 2517 mater
180 2457 216 2517 ab
240 2456 356 2518 excelso
379 2459 520 2538 produxit
542 2461 571 2519 in
596 2459 716 2520 aethera
738 2459 807 2518 nido

60 2545 258 2625 hortaturque
282 2548 367 2624 sequi
390 2545 592 2625 breuibusque
615 2550 771 2625 insurgere
793 2546 902 2625 pinnis,

60 2632 128 2693 illos
152 2633 280 2695 caerulei
302 2635 417 2714 primns
440 2634 512 2694 ierit
532 2633 639 2695 horror
662 2633 787 2714 Olympi,

60 2723 178 2801 iamque
201 2722 300 2783 redire
323 2729 428 2800 rogant
451 2721 631 2800 adsuetaque
655 2724 808 2800 quaeritur
830 2718 931 2780 arbor:

61 2808 139 2870 haud
163 2810 248 2871 aliter
271 2828 375 2872 caecae
397 2829 453 2890 per
475 2812 591 2871 moenia
615 2810 714 2871 deficit
736 2809 820 2871 urbis
1021 2819 1073 2869 300

61 2898 203 2959 incedens
226 2898 390 2979 horretque
412 2899 516 2960 domos
539 2899 641 2960 Medea
664 2899 793 2961 silentes.

59 2985 109 3046 hic
131 2988 241 3048 iterum
264 2995 413 3048 extremae
437 2989 617 3066 nequiquam
635 2990 666 3048 in
689 2988 789 3048 limine
812 2992 915 3065 portae

60 3073 194 3136 substitit
217 3075 312 3155 adque
335 3078 444 3136 iterum
467 3075 556 3136 lletus
580 3078 728 3154 animique
752 3074 851 3154 soluti,

59 3166 251 3243 respexitque
275 3165 360 3225 deam
382 3163 562 3244 paulumque
585 3164 632 3224 his
654 3162 780 3225 uocibus
802 3162 910 3223 haesit:

60 3246 136 3330 ‘ipse
159 3261 243 3331 rogat
266 3248 356 3313 certe*
370 3270 478 3330 meque
500 3255 563 3333 ipse
587 3252 724 3333 implorat
746 3251 841 3312 lason.
1019 3259 1071 3310 380

58 3339 178 3401 nullane
202 3339 288 3421 culpa
312 3336 436 3402 subest?
458 3339 540 3401 labes
563 3341 705 3402 nonulla
727 3342 859 3421 pudoris,

57 3427 159 3489 nullus
183 3425 287 3490 amor?
309 3447 365 3490 neo
388 3438 476 3509 turpe
500 3431 566 3490 uiro
590 3432 705 3492 seruire
727 3421 893 3508 precanti?

56 3515 107 3577 illa
131 3515 204 3577 nihil
227 3524 330 3578 contra
352 3536 504 3600 uocesque
528 3517 683 3601 abrumpit
699 3520 822 3579 inanes.
