2384 3878
100 177 162 259 148
440 178 470 234 c.
489 178 775 242 vmunrunaocr

99 329 219 408 aspicis:
242 328 291 388 ille
315 329 377 388 suis
400 328 473 388 haec
496 328 596 390 uihrat
619 328 735 408 fulgura
759 331 868 409 cristis,

98 435 206 497 meque
229 435 342 497 pauens
366 434 427 476 non
449 419 508 477 iam
531 418 624 478 solam
646 417 742 498 uidet,
764 417 843 478 haud
867 426 955 478 uocat
977 417 1067 497 ultro,

99 524 155 567 ceu
179 505 267 587 solet,
290 513 320 567 et
342 504 449 566 hlanda
471 508 569 585 poscit
591 525 638 567 me
661 504 769 586 pabula
791 505 899 586 lingua.

99 594 147 655 dic
171 613 224 673 age
248 613 342 676 nunc,
365 595 625 674 utrumuigilanti
647 595 823 674 hostemque
847 594 963 656 uidenti

99 685 222 745 enutrias
245 683 363 744 auferre
387 681 475 765 uelis,
499 701 536 744 an
558 683 670 745 lumina
693 702 797 745 somno
1080 695 1113 745 65

78 839 80 842 y
100 775 263 851 mergimus
287 779 317 833 et
340 773 486 833 domitum
507 775 609 852 potius
632 772 687 835 tihi
709 774 854 834 tradimus
877 766 1039 852 angueml’

98 860 148 937 ille
171 861 252 942 silet3
276 868 357 922 tanta
381 860 473 922 suhiit
495 864 527 922 ni
550 863 676 941 uirginis
698 861 815 922 horror.

142 949 263 1029 lamque
287 968 393 1011 manus
417 948 534 1011 Colchis
557 952 730 1030 uirgamque
754 949 923 1012 intenderat
945 952 1043 1027 astris,

99 1041 230 1100 carmina
252 1037 409 1100 harharico
433 1038 562 1100 tundens
585 1039 675 1120 pede,
699 1046 788 1119 teque
813 1037 918 1120 ciebat,

100 1127 209 1187 Somne
232 1135 325 1207 pater.
354 1122 476 1188 ‘Somne
499 1129 697 1209 omnipotens,
719 1135 749 1188 te
775 1126 893 1188 Colchis
916 1124 952 1186 ah
976 1129 1057 1188 omni
1081 1139 1114 1189 ⁷0

37 1213 40 1220 ’
100 1215 172 1289 orbe
196 1234 273 1276 uoco
296 1219 387 1295 inque
411 1233 505 1276 unum
527 1215 616 1277 iuheo
639 1234 719 1277 nunc
742 1218 787 1277 ire
810 1216 980 1298 draconem,
1029 1256 1033 1260 -

99 1323 175 1384 quae
199 1303 274 1365 freta
299 1323 386 1384 saepe
410 1311 462 1366 tuo
486 1303 600 1387 domui,
623 1323 699 1385 quae
723 1304 824 1366 nuhila
847 1322 942 1366 cornu

100 1393 283 1472 fulminaque
308 1400 338 1454 et
360 1401 423 1455 toto
447 1393 590 1473 quioquid
612 1396 701 1455 micat
724 1393 860 1475 aethere3
881 1393 935 1454 sed
957 1411 1048 1479 nuno,

100 1500 180 1542 nunc
205 1501 258 1562 age
281 1485 376 1543 maior
399 1481 469 1543 ades
492 1483 638 1562 fratrique
662 1482 810 1543 simillime
833 1481 915 1543 Leto.

100 1579 129 1630 te
154 1589 288 1651 quoque,
309 1570 454 1631 Phrixeae
477 1570 601 1650 pecudis
624 1572 766 1632 fidissime
790 1578 901 1651 custos,
1082 1582 1113 1633 75

100 1665 219 1738 tempus
243 1658 279 1720 ah
302 1659 357 1719 hao
382 1658 485 1720 oculos
508 1659 628 1721 tandem
651 1659 810 1721 deflectere
834 1677 915 1721 cura.

102 1765 191 1826 quem
213 1749 322 1809 metuis
346 1766 393 1809 me
417 1755 531 1809 astante
555 1744 677 1810 dolum?
700 1747 826 1810 seruaho
849 1765 1012 1830 parumper

99 1838 164 1916 ipsa
187 1851 306 1918 nemus3
329 1836 452 1917 longum
473 1839 588 1898 interea
611 1845 645 1899 tu
667 1856 745 1917 pone
768 1831 922 1898 lahorem?

100 1924 149 1984 ille
172 1924 245 1986 haut
267 1925 368 1986 Aeolio
392 1925 545 1987 discedere
568 1927 667 1987 fessus
690 1924 726 1985 ab
750 1943 822 1988 auro

101 2031 158 2074 nec
181 2013 252 2074 dare
275 2016 438 2094 permissae
462 2008 615 2097 (quamuis
637 2008 736 2098 iuuet)
760 2033 813 2075 ora
837 2016 931 2093 quieti
1083 2026 1115 2075 80

104 2104 246 2183 sustiuet3
270 2121 303 2163 ac
329 2104 420 2182 primi
441 2121 604 2182 percussus
627 2102 706 2164 nuhe
729 2106 846 2183 soporis

102 2190 223 2252 horruit
246 2198 277 2252 et
298 2190 402 2253 dulces
425 2194 557 2252 excussit
580 2211 705 2272 corpore
730 2210 858 2253 somnos,

105 2288 210 2340 contra
232 2279 382 2340 Tartareis
406 2279 523 2341 Colchis
547 2299 685 2360 spumare
708 2283 833 2342 uenenis

18 2420 24 2435 x
107 2375 273 2446 cunctaque
296 2366 419 2429 Lethaei
442 2386 582 2448 quassare
606 2369 723 2430 silentia
746 2372 820 2430 rami

104 2464 218 2536 perstat
241 2464 272 2517 et
294 2456 421 2517 aduerso
444 2456 587 2518 luctantia
609 2457 721 2518 lumina
744 2467 833 2518 cantu

62 2552 63 2556 ’
105 2545 207 2607 obruit
228 2553 318 2625 atque
341 2564 460 2607 omnem
483 2546 642 2626 linguaque
666 2564 814 2626 manuque
839 2546 941 2626 latigat

107 2636 170 2711 uim
194 2633 337 2715 Stygiam,
361 2634 500 2696 ardentes
522 2635 618 2696 donec
641 2654 731 2717 sopor
754 2643 881 2715 occupet
902 2637 972 2696 iras.

103 2725 221 2802 iamque
244 2721 319 2785 altae
344 2723 480 2785 cecidere
502 2723 603 2804 iubae,
626 2731 770 2803 nutatque
797 2733 933 2787 coactum

104 2814 163 2872 iarn
186 2819 275 2891 caput
297 2818 386 2892 atque
408 2814 514 2891 ingens
538 2820 622 2874 extra
644 2832 698 2874 sua
720 2812 832 2873 uellera
855 2814 968 2895 ceruix,

104 2919 161 2961 ceu
183 2899 314 2961 refluens
338 2899 436 2961 Padus
459 2908 511 2962 aut
533 2909 647 2980 septem
669 2904 822 2981 proiectus
845 2904 877 2962 in
900 2919 1003 2964 amnes
1085 2913 1118 2963 90

105 2987 192 3050 Nilus
216 2996 246 3050 et
268 2988 447 3070 Hesperium
469 2991 595 3051 ueniens
618 2989 747 3070 Alpheos
770 2992 801 3051 in
824 2990 936 3053 orhem.

106 3079 170 3157 ipsa
193 3085 282 3156 caput
306 3080 367 3138 cari
390 3085 548 3159 postquam
570 3078 673 3139 Medea
695 3078 833 3140 draconis

105 3165 182 3226 uidit
204 3164 300 3248 humi,
323 3166 397 3228 lusis
421 3169 534 3229 circum
556 3169 690 3247 proiecta
711 3167 832 3229 lacertis

106 3272 198 3333 seque
222 3272 369 3333 suumque
393 3255 481 3317 simul
503 3255 587 3317 fleuit
610 3255 739 3318 crudelis
763 3257 923 3319 alumnum.

106 3337 178 3402 ‘non
202 3361 256 3421 ego
280 3350 309 3404 te
333 3362 399 3404 sera
422 3344 512 3405 talem
534 3343 589 3406 suh
613 3353 700 3407 nocte
724 3344 863 3407 uideham

92 3445 183 3488 saera
203 3431 310 3496 serens
334 3432 497 3516 epulasque
521 3432 589 3516 tihi,
611 3453 668 3494 neo
691 3433 758 3496 talis
781 3434 875 3496 hianti

77 3514 172 3574 mella
196 3519 310 3584 dabam
334 3543 370 3585 ac
397 3526 514 3600 nostris
539 3523 699 3588 nutribam
718 3523 779 3584 lida
798 3524 935 3584 ueneris.
1056 3546 1066 3561 ³
