2384 3878
93 165 134 231 16
434 164 463 220 Ο.
481 164 618 219 VALERI
635 163 764 220 FLACGI

89 316 166 377 hanc
189 313 291 395 pelago
314 316 423 377 misere
447 332 574 375 manum.
620 314 670 375 uia
692 314 769 374 facta
790 331 845 394 per
868 313 965 376 undas
1055 325 1103 377 545

89 424 205 486 perque
227 405 353 485 hiemes,
376 402 509 484 Bellona,
532 403 595 465 tibi.
640 421 697 464 nec
719 402 832 464 uellera
854 410 972 466 tantum

90 494 269 574 indignanda
291 498 412 554 manent
434 494 614 573 propiorque
635 511 670 552 ex
693 494 810 571 uirgine
834 499 919 573 rapta

89 584 139 645 ille
164 582 261 663 dolor,
284 582 337 643 sed
360 575 456 662 (nulla
478 583 572 660 magis
595 583 743 642 sententia
765 582 857 642 ment'

90 674 147 734 fixa
171 665 270 753 meae)
294 672 396 732 ueniet
418 669 546 750 Phrygia
568 673 627 731 iam
649 678 752 750 pastor
775 669 811 730 ab
835 669 894 752 lda,

91 766 142 842 qni
166 762 294 840 gemitus
317 762 436 839 irasque
458 777 547 839 pares
570 767 600 820 et
622 768 725 821 mutua
749 758 833 820 Grais
1055 769 1104 821 555

89 851 197 912 damna
219 850 304 911 ferat.
350 867 408 928 qua
431 848 525 909 classe
549 847 656 909 dehinc
680 849 773 909 effusa
795 866 959 928 procorum

89 937 178 1000 bella!
203 947 276 1018 quot
294 938 330 999 ad
354 937 473 998 'froiam
496 937 602 998 flentes
625 936 750 998 hiberna
772 935 922 1017 Mycenas!

90 1037 164 1109 quot
185 1045 327 1108 proceres
350 1036 494 1106 natosque
519 1026 620 1107 derun,
645 1044 719 1105 quae
743 1025 851 1088 robora
874 1043 982 1088 cernes

90 1125 246 1198 oppetere,
269 1124 303 1177 ut
326 1118 440 1194 magnis
463 1115 562 1175 Asiam
584 1115 749 1176 concedere
773 1112 855 1176 fatisf

89 1207 159 1266 hinc
182 1205 315 1265 Danaum
339 1204 375 1264 de
399 1205 457 1265 fine
482 1203 566 1264 sedet
588 1211 751 1285 gentesque
775 1203 884 1265 loueho
1052 1214 1101 1265 555

88 1313 159 1356 mox
181 1295 261 1354 alias,
307 1301 427 1373 pateant
449 1301 566 1354 montes
590 1293 740 1372 siluaeque
764 1292 905 1372 lacusque

89 1391 255 1462 cunctaque
275 1381 404 1443 claustra
426 1384 529 1462 maris3
553 1399 622 1462 spes
645 1390 675 1442 55
697 1389 796 1443 metus
819 1380 958 1444 omnihus
981 1390 1048 1444 esto

88 1471 209 1533 arbiter.
254 1473 318 1549 ipse
341 1470 423 1532 locos
445 1479 624 1550 terrenaque
648 1489 762 1533 summa
785 1469 936 1532 mouendo

88 1563 239 1640 experiar,
263 1577 407 1638 quaenam
429 1560 548 1639 populis
567 1558 738 1638 longissima
761 1562 878 1621 cunctis

88 1667 181 1728 regna
203 1647 294 1709 uelim
317 1647 507 1727 linquamque
531 1648 613 1709 datas
636 1647 688 1708 uhi
712 1656 814 1709 certus
832 1643 985 1710 habenas?
1053 1659 1103 1713 555

88 1747 160 1799 tuno
184 1737 286 1798 oculos
309 1735 422 1816 Aegaea
441 1737 535 1798 refert
557 1737 594 1798 ad
621 1737 739 1797 caerula
762 1736 855 1799 robur

88 1825 271 1888 Herculeum
292 1825 449 1906 Ledaeque
472 1836 561 1887 tuens
584 1845 679 1906 genus
702 1827 798 1906 adque
822 1829 862 1887 ita
886 1827 980 1890 latur:

88 1911 213 1976 ‘tendite
237 1918 267 1975 in
288 1925 381 1997 astra,
404 1918 477 1977 uiri:
500 1935 546 1976 me
570 1918 700 1995 primum
723 1917 805 1994 regia
827 1915 939 1977 mundo

88 2003 182 2084 Iapeti
204 2012 273 2083 post
294 2002 371 2064 hella
393 2007 488 2065 trucis
506 2004 709 2083 Phlegraeque
732 2004 850 2065 lahores

87 2094 233 2173 inposuit:
257 2091 365 2152 durum
383 2091 469 2153 uobis
493 2094 600 2153 iteret
623 2110 713 2172 graue
738 2092 811 2154 caeli
1053 2104 1103 2157 555

88 2182 212 2242 institui.
259 2183 302 2242 sic
326 2199 395 2242 5555
419 2199 517 2263 meus,
541 2183 583 2242 sic
607 2181 678 2242 orbe
701 2190 823 2261 peracto

86 2269 176 2331 Liher
200 2278 230 2330 55
253 2278 395 2349 expertus
418 2279 514 2331 terras
538 2273 684 2331 remeauit
706 2265 830 2351 Apollo?

87 2358 162 2419 dixit
185 2366 215 2418 et
238 2359 351 2436 ingenti
375 2358 574 2420 flammantem
592 2359 693 2419 nubila
717 2359 799 2420 sulco

87 2447 202 2508 derexit
224 2465 279 2526 per
302 2449 389 2507 inane
413 2448 521 2529 facem,
544 2440 620 2526 quae
642 2467 741 2528 puppe
765 2450 933 2529 propinqua

85 2537 117 2597 in
141 2535 264 2596 bifidum
288 2535 425 2597 discessit
447 2538 506 2598 iter
529 2537 696 2617 fratresque
719 2539 827 2618 petiuit
1050 2547 1103 2599 555

86 2622 271 2708 Tyndareos,
293 2625 406 2704 placida
429 2634 460 2689 et
482 2626 587 2688 mediis
610 2629 641 2687 in
665 2625 814 2688 frontibus
832 2625 929 2687 haesit

85 2716 223 2794 protinus
247 2715 402 2776 amborum
425 2714 585 2795 lumenque
609 2717 728 2777 innoxia
752 2715 849 2777 fundit

86 2820 287 2883 purpureum,
309 2805 428 2864 miseris
451 2803 522 2863 olim
544 2802 720 2882 inplorabile
744 2807 850 2866 nautis,

61 2950 64 2957 ,
175 2890 292 2951 lnterea
314 2891 412 2951 medio
436 2909 544 2953 saeuus
566 2894 711 2971 permissa
733 2893 882 2972 profundo

86 2979 209 3040 carbasa
231 2977 365 3059 Pangaea
387 2978 498 3041 Boreas
522 2980 693 3061 speculatus
716 2981 753 3042 ah
777 3000 845 3043 arce
1049 2990 1101 3044 555

86 3070 228 3129 continuo
252 3068 382 3129 Aeoliam
405 3069 619 3149 Tyrrhenaque
642 3071 738 3132 tendit
761 3071 796 3133 ad
820 3079 904 3132 antra

85 3158 230 3218 concitus,
276 3176 362 3219 omne
387 3158 435 3219 dei
457 3159 568 3240 rapidis
591 3177 697 3220 nemus
719 3161 844 3240 ingemit
866 3158 928 3242 alis,

86 3253 178 3306 strata
203 3244 306 3330 Germ,
329 3255 471 3327 motuque
496 3250 581 3327 niger
605 3246 660 3310 sub
683 3258 824 3330 praepete
847 3256 967 3330 pontus.

86 3351 216 3414 aequore
235 3333 388 3397 Trinacrio
412 3337 569 3417 refugique
593 3346 716 3418 aparte
740 3338 839 3400 Pelori

85 3430 144 3484 5555
162 3441 253 3504 rupes
276 3424 424 3487 horrenda
447 3427 546 3489 fretis:
569 3435 642 3506 quot
664 3430 696 3488 in
718 3426 839 3489 aethera
862 3428 960 3508 surgit
1049 3437 1101 3489 585

75 3511 220 3596 molibus,
244 3515 380 3576 infernas
404 3515 529 3579 totidem
552 3515 682 3578 demissa
703 3514 759 3578 suh
782 3516 888 3578 undas.
