2384 3878
325 205 617 311 ansouauricpn
636 205 747 265 LIBER
763 206 811 264 IV.
1030 205 1073 271 85

57 356 118 417 illic
140 355 299 416 umbrosae
322 375 441 437 semper
463 365 543 418 stant
565 375 695 436 aequore
718 355 813 417 nubes

58 454 90 505 et
111 462 172 507 non
195 453 276 506 certa
299 445 377 526 dies,
400 449 497 528 primo
520 464 576 507 nec
600 446 660 507 sole
685 444 866 526 profundum
1024 456 1075 506 730
1164 499 1167 503 .

58 533 193 596 soluitur·
209 541 259 594 aut
282 536 384 596 [uernis
408 554 476 596 crum
498 533 549 594 lun
573 541 697 614 aequata
720 532 862 614 tenebris,

59 622 110 684 sed
133 621 212 683 redit
235 630 368 683 extremo
392 623 512 685 tandem
534 625 565 682 in
589 643 642 684 sua
664 623 752 683 litora
775 632 870 683 tauro.

102 710 165 771 lam
187 710 385 792 Mariandynis
409 712 538 773 aduertit
561 716 669 793 puppis
692 712 822 794 harenis,

58 799 154 878 adque
178 799 257 861 celer
280 809 376 862 terras
399 818 561 880 regemque
584 804 712 880 requirit
734 801 849 861 Echion

58 889 137 949 dicta
160 889 273 970 ferens,
296 889 389 950 lectos
413 882 505 972 (lama
529 897 575 950 est
598 892 624 950 si
646 892 774 951 nominis
797 883 954 971 umquam)
1023 900 1074 950 735

58 976 237 1038 Haemoniae
261 978 372 1039 subiise
397 980 493 1058 uiros,
516 977 567 1038 det
589 977 676 1039 litora
700 979 795 1038 lassis.

49 1065 237 1145 'adproperat
259 1066 356 1146 Lycus
379 1067 488 1127 auditis
511 1067 638 1127 laetatus
661 1066 792 1147 Achiuis,

59 1172 92 1215 ao
115 1154 204 1216 simul
227 1156 394 1216 Aesoniden
419 1174 597 1234 omnemque
620 1159 652 1216 in
675 1157 756 1236 regia
779 1152 897 1216 turbam

58 1250 137 1304 tecta
159 1243 254 1304 trabit
276 1245 364 1304 modo
387 1243 541 1324 Bebryciis
563 1247 693 1325 praefixa
716 1244 877 1326 trophaeis,

58 1334 138 1393 mitis
162 1341 194 1392 et
214 1334 246 1392 in
269 1333 374 1393 modiis
398 1335 505 1394 ellatur
528 1333 598 1393 talia
622 1334 719 1394 Grais:
1024 1343 1075 1392 740

59 1415 149 1481 ‘haud
172 1428 285 1481 temere
309 1429 368 1481 est:
392 1422 452 1482 lato
476 1421 580 1482 diuum
602 1442 671 1482 reor
695 1420 730 1481 ad
754 1439 820 1480 moa
842 1427 947 1480 uectos

58 1506 146 1569 litora
168 1527 238 1591 uos,
261 1509 363 1570 odium
387 1509 496 1589 quibus
521 1509 615 1588 adque
640 1509 743 1570 eadem
765 1511 809 1568 ira
833 1509 961 1568 furentis

57 1595 219 1676 Bebryciae
242 1616 389 1677 saeuaque
413 1617 501 1678 paros
524 1599 561 1660 de
584 1607 672 1678 gente
696 1597 848 1676 triumphi.

58 1694 140 1747 certa
162 1685 236 1746 fides
259 1689 374 1768 animis,
396 1688 476 1748 idem
499 1687 608 1767 quibus
630 1686 736 1748 incidit
758 1687 862 1748 hostis.

58 1792 112 1835 nos
137 1793 266 1857 quoque,
290 1795 345 1836 nos
359 1778 512 1856 Amycum,
534 1784 616 1836 tanto
639 1775 745 1855 procul
769 1774 842 1835 orbe
864 1777 982 1856 remoti,
1024 1786 1074 1835 74⁶

58 1865 206 1924 sensimus
230 1870 260 1924 et
284 1867 381 1925 saeuis
406 1864 498 1925 irater
521 1864 594 1924 mihi
617 1865 703 1924 lusus
726 1862 858 1923 babonis.

56 1951 138 2013 ultor
161 1970 228 2033 ego,
252 1960 340 2031 atque
363 1953 434 2013 illuc
457 1955 579 2015 cunctis
596 1971 740 2013 accensus
763 1954 906 2012 inarmis

58 2048 130 2103 tuno
154 2039 288 2123 aderam,
312 2059 382 2102 cum
404 2061 459 2102 uos
482 2042 589 2103 mediis
612 2050 753 2103 contenta
777 2041 913 2102 ferebant

56 2129 124 2189 uela
147 2129 241 2190 iretis.
287 2130 371 2191 illum
394 2132 425 2190 in
449 2133 530 2192 sanie
553 2131 683 2211 taboque
706 2133 823 2192 recenti

57 2217 187 2280 uidimus
210 2236 359 2297 aequoreo
382 2219 509 2279 similem
531 2239 586 2299 per
609 2220 697 2281 litora
718 2227 861 2279 monstro.
1024 2228 1075 2280 too

57 2325 113 2367 nec
137 2324 211 2367 uero
234 2316 393 2389 praerepta
415 2308 488 2370 mihi
511 2327 650 2389 suprema
673 2310 791 2388 tyranni

57 2395 118 2456 fata
142 2413 253 2473 queror
275 2395 393 2459 bellone
416 2401 509 2478 magis
531 2398 661 2461 laetarer
684 2406 714 2459 et
736 2399 827 2458 armis

57 2483 254 2563 procubuisse
278 2489 367 2568 meis,
391 2506 479 2566 qnam
501 2488 565 2567 lege
590 2488 670 2567 quod
693 2487 804 2548 occidit
825 2486 905 2547 ultus

56 2574 122 2652 ipse
146 2592 199 2633 sua
222 2577 390 2653 meritoque
413 2577 532 2636 madent
555 2576 635 2654 quod
658 2578 801 2653 sanguine
826 2568 963 2636 caestus?

58 2663 168 2740 excipit
191 2663 354 2723 Aesonides
379 2659 460 2724 ‘tuus
484 2680 555 2741 ergo
578 2666 609 2723 in
632 2662 784 2725 montibus
807 2665 884 2740 ignis
1022 2672 1074 2725 tot

57 2746 130 2810 ille?
154 2759 220 2812 tuas
241 2753 321 2812 acies
345 2752 442 2812 medio
465 2751 502 2811 de
526 2754 643 2831 gurgite
667 2747 763 2814 mdil’

56 2839 150 2920 latur,
173 2847 205 2900 et
227 2847 386 2905 ostentans
403 2840 518 2920 prolem
541 2841 620 2902 lonis
644 2837 704 2903 ‘hic
728 2841 782 2903 tibi
805 2841 909 2903 Pollux

56 2922 105 2987 en’
123 2920 182 3010 ait,
207 2923 305 2989 ‘inliso
330 2930 420 2991 soluit
443 2933 492 2991 cui
514 2939 636 3009 pectore
659 2925 792 3010 poenas?

55 3014 104 3076 ille
128 3017 230 3078 uirum
253 3020 333 3079 circa
356 3021 493 3079 mirantia
515 3019 627 3078 lumina
650 3019 753 3079 uoluit.

21 3114 25 3121 '
54 3105 131 3166 festa
155 3104 263 3168 debinc
285 3106 391 3167 mediis
414 3108 520 3168 ineunt
542 3109 682 3167 conuiuia
705 3110 793 3168 tectis
1022 3119 1075 3170 760

54 3211 289 3274 communesque
312 3204 422 3256 uocant
445 3214 584 3277 superos,
607 3214 736 3274 quorum
760 3204 846 3256 eruta
869 3203 944 3257 nutu

53 3280 211 3365 bebrycia,
235 3292 265 3346 et
287 3287 367 3348 notis
390 3286 503 3364 paritor
525 3284 694 3364 praedaque
718 3286 867 3347 fruuntur.

431 3495 672 3507 Ἣ
