2384 3878
330 191 621 248 aaaouaurmon
638 191 747 246 amna
764 149 812 246 m.
849 150 857 163 Χ
1036 191 1079 256 63

61 339 189 401 heroum
211 359 326 402 manus.
371 350 440 402 ante
463 359 567 402 omnes
590 340 686 420 Argoa
708 339 830 401 iubebat

62 429 162 490 uincla
184 432 248 510 rapi
272 428 376 490 Calais.
421 429 515 490 furias
538 432 663 491 miratur
686 438 830 490 ouantum

61 519 216 600 Aeacides,
239 518 410 597 multusque
433 520 492 580 uiri
515 521 686 580 cunctantia
708 517 798 579 corda

61 607 120 668 lert
143 607 241 688 dolor,
265 626 301 667 an
325 625 391 668 sese
415 610 554 669 comitem
576 610 638 668 tam
660 605 797 670 tristibus
821 609 895 667 actis

61 694 189 775 abneget
211 705 241 757 et
265 696 337 757 celsi
359 713 496 758 maerens
519 703 601 777 petat
624 696 715 757 ardua
737 697 856 756 montis.
956 733 958 737 ν
1023 707 1076 758 aaa

60 802 122 844 non
145 792 245 845 tamen
268 792 299 846 et
321 788 450 864 gemitus
474 793 504 846 et
526 787 630 846 inanes
653 785 763 846 desinit
785 787 845 844 iras
1047 796 1049 801 ·

61 872 195 934 lrrndere.
241 869 321 952 ‘quis
344 877 434 934 terris
456 892 512 955 pro
535 871 681 954 luppiter'
704 875 802 953 inquit
825 867 960 934 ‘Achaeis

59 963 117 1022 iste
141 961 217 1024 dies!
241 965 324 1023 saeui
347 965 465 1042 capient
488 981 564 1042 quae
587 963 693 1042 gaudia
717 959 831 1022 Colchi!

61 1069 120 1110 non
143 1051 175 1112 hi
197 1059 262 1113 tum
285 1051 386 1133 ilatum
409 1069 470 1112 non
492 1053 550 1112 ista
573 1051 712 1132 superbia
735 1050 832 1131 dictis,

58 1138 146 1200 litore
170 1158 240 1201 cum
262 1142 372 1222 patrio,
394 1143 453 1201 iarn
475 1142 542 1201 uela
564 1139 770 1221 prementibus
793 1141 912 1220 austris,
1023 1152 1074 1201 loo

59 1237 186 1290 cunctus
209 1229 245 1289 ad
269 1229 391 1290 Alciden
414 1248 523 1291 uersus
546 1231 645 1291 iauor:
667 1232 731 1310 ipse
754 1230 882 1309 iuuaret,

58 1319 123 1396 ipse
147 1317 231 1379 ducis
255 1337 342 1379 curas
365 1322 548 1398 meritosque
573 1319 688 1379 subiret
710 1317 848 1378 honores.

58 1407 155 1466 iamne
179 1409 297 1487 animis,
320 1409 378 1467 iam
401 1416 489 1487 gente
512 1425 613 1488 pares,
636 1406 731 1485 adque
754 1406 855 1466 inclita
877 1407 959 1466 iuxta

59 1492 202 1556 dextera?
225 1495 305 1556 nulla
328 1495 416 1576 fides,
440 1495 514 1557 nulli
537 1514 628 1575 super
651 1494 780 1556 Hercule
804 1491 914 1555 fletus?

58 1602 138 1643 nunc
161 1583 388 1666 Parthaonides‚
411 1603 490 1646 nunc
504 1585 573 1645 'dux
597 1584 669 1645 mihi
692 1583 818 1644 Thracia
839 1579 961 1663 proles?
1021 1594 1072 1644 705

58 1690 162 1752 aspera
186 1691 265 1734 nunc
287 1674 412 1753 pauidos
435 1681 540 1734 contra
562 1676 623 1735 ruit
646 1692 719 1753 agna
741 1669 865 1733 leones?

57 1761 133 1821 hanc
157 1780 212 1842 ego
235 1764 414 1842 magnanimi
437 1763 565 1842 spolium
588 1762 776 1842 Didymaonis
799 1760 922 1841 hastam,
1113 1835 1116 1839 Ι

59 1869 133 1928 quae
157 1869 254 1930 neque
279 1853 337 1912 iam
360 1851 481 1911 irondes
503 1850 616 1911 uirides
639 1869 694 1911 nec
718 1851 852 1931 proferet
874 1848 1004 1930 umbras,

57 1948 91 2000 ut
115 1939 207 2000 semel
230 1948 276 2000 est
299 1940 403 2000 euulsa
424 1942 502 2020 iugis
526 1957 559 1999 ac
583 1946 677 2000 matre
700 1947 854 2018 perempta

57 2029 113 2089 lida
137 2030 301 2091 ministeria
324 2037 354 2090 et
376 2028 467 2090 duras
490 2028 552 2090 obit
574 2028 695 2089 horrida
717 2045 841 2108 pugnas,
1021 2037 1072 2087 710

56 2126 152 2178 testor
175 2127 205 2179 et
227 2116 284 2177 hoc
308 2120 402 2199 omni,
426 2118 545 2198 ductor,
568 2116 623 2178 tibi
646 2119 768 2178 litamine
791 2116 890 2176 lirmo:

57 2225 145 2286 saepe
169 2214 265 2287 metu,
288 2225 376 2286 saepe
399 2209 430 2267 in
454 2209 538 2267 tenui
561 2206 733 2267 discrimine
757 2222 859 2265 rerum

56 2295 220 2357 Herculeas
242 2298 300 2356 iam
323 2315 410 2356 serus
433 2315 506 2377 opes
530 2297 682 2376 spretique
706 2293 828 2354 necabis

58 2403 138 2444 arma
161 2386 234 2466 uiri,
257 2403 313 2445 neo
337 2403 392 2445 nos
414 2384 527 2446 tumida
549 2384 622 2445 baec
647 2393 710 2445 tum
733 2382 812 2444 dicta
835 2375 1001 2442 irurabnnt.'

102 2472 223 2534 Talibus
247 2474 388 2534 Aeacides
411 2477 509 2536 socios
532 2473 699 2535 terroribus
722 2490 833 2552 urgens
1021 2480 1072 2529 715

56 2562 222 2623 inlacrimat
245 2563 397 2642 multaque
422 2582 522 2623 comas
545 2562 691 2623 deiormat
715 2561 833 2621 harena.
955 2625 962 2634 ¹

56 2652 115 2711 sata
138 2651 274 2730 trahunt,
297 2659 460 2730 raptusque
484 2654 584 2711 uirum
607 2651 768 2710 certamine
792 2648 899 2709 ductor

56 2739 116 2800 ibat
140 2749 169 2800 et
192 2748 314 2818 optenta
337 2738 486 2800 mulcebat
507 2738 619 2800 lumina
641 2738 725 2819 palla.
789 2807 791 2810 ¹

56 2829 106 2888 hic
128 2847 203 2888 uero
226 2831 340 2908 ingenti
363 2837 542 2909 repetuntur
563 2837 686 2908 pectora
709 2827 800 2907 luctu,

57 2924 89 2977 ut
113 2919 186 2978 socii
209 2917 314 2978 sedere
337 2917 411 2979 locis
433 2917 591 2997 nullaeque
615 2917 710 2978 leonis

57 3009 182 3067 exuuiae
207 3009 341 3086 tantique
364 3016 471 3069 uacant
493 3008 620 3086 uestigia
642 3007 774 3068 transtri.

55 3095 105 3155 llet
128 3097 197 3174 pius
220 3096 374 3177 Aeacides,
398 3103 532 3156 maerent
554 3095 695 3156 Poeantia
718 3092 816 3175 corda,

54 3187 178 3263 ingemit
201 3192 231 3245 et
249 3184 330 3246 dulci
353 3185 445 3246 irater
468 3203 537 3245 cum
561 3183 682 3244 Castore
706 3182 817 3243 Pollux.

54 3275 150 3334 omnis
174 3273 270 3335 adhue
293 3282 381 3335 uocat
404 3272 526 3334 Alciden
549 3273 681 3353 fugiente
705 3273 814 3351 carina,

53 3364 151 3423 omnis
174 3362 281 3444 Hylan,
305 3363 402 3424 medio
425 3363 582 3442 pereuntia
604 3363 725 3423 nomina
747 3367 848 3440 ponto.
1020 3368 1071 3416 725

99 3451 154 3513 Dat
176 3451 282 3530 procul
304 3454 420 3513 interea
442 3459 506 3513 toto
529 3457 614 3531 pater
638 3467 767 3529 aequore
791 3449 909 3527 signum
993 3476 997 3485 ,

53 3540 187 3620 Phorcys
210 3549 241 3600 et
263 3542 397 3602 inmanes
420 3543 533 3602 intorto
557 3541 675 3602 murice
695 3538 815 3619 phocas
