2384 3878
321 217 612 274 ARGONAUTICON
631 216 740 270 LIBER
759 217 805 272 Vl.
1008 214 1070 277 lii

53 371 158 450 aegida
178 378 243 430 tum
265 372 395 448 primum
418 372 503 448 uirgo
528 370 696 447 spiramque
720 367 858 427 Medusae

54 470 101 521 ter
124 468 245 519 centum
269 461 366 519 saeuis
389 456 574 538 squalentem
598 457 718 518 sustulit
741 456 852 536 hydriS,

55 566 145 629 quam
167 547 223 608 soli
247 547 363 607 uidistis
387 549 465 627 equi,
511 562 605 625 pauor
629 554 755 624 occupat
777 548 883 624 ingens

56 639 190 698 excussis
213 639 244 695 in
268 645 351 714 terga
373 638 462 717 uiris,
486 635 639 713 diramque
664 642 840 714 retorquent

55 731 86 789 in
109 727 206 786 socios
229 742 290 783 non
313 733 418 803 sponte
442 722 529 784 luem.
576 732 647 783 tunc
672 723 793 784 ensibus
818 725 903 783 uncis
1022 731 1075 781 400

55 814 177 894 inplicat
200 822 230 872 et
253 813 386 891 trepidos
411 813 520 873 lacerat
540 811 688 872 discordia
712 831 828 872 currus.

56 904 203 965 Romanas
227 901 321 961 ueluti
345 903 518 961 saeuissima
541 919 611 961 cum
634 900 765 978 legiones

56 991 217 1071 Tisiphone
242 1008 388 1068 regesque
413 998 527 1071 morret,
552 1008 680 1068 quorum
700 992 815 1068 agmina
838 988 906 1069 pilis

56 1081 152 1141 isdem
176 1078 342 1158 aquilisque
366 1081 517 1158 utrimque
541 1080 664 1160 micant,
688 1079 850 1158 eademque
875 1086 1016 1157 parentes

56 1187 127 1230 rura
150 1168 264 1248 colunt,
288 1168 367 1228 idem
389 1167 483 1228 lectos
506 1186 543 1228 ex
565 1167 704 1228 omnibus
728 1170 806 1246 agris
834 1169 836 1172 ’
1022 1178 1073 1226 400

57 1261 181 1325 miserat
203 1256 305 1316 infelix
329 1274 389 1317 non
412 1257 485 1316 haec
509 1257 545 1317 ad
568 1257 680 1335 proelia
703 1256 844 1336 Thybris:

56 1349 99 1409 sic
123 1345 211 1407 modo
235 1345 400 1405 concordes
423 1354 605 1423 externaque
630 1347 687 1405 iata
711 1354 848 1424 petentes

56 1434 179 1496 Palladii
202 1451 329 1512 rapuere
354 1442 464 1514 metus,
488 1435 584 1494 sicin
609 1452 662 1493 sua
685 1437 767 1494 uersi

57 1525 163 1585 iunera
186 1531 373 1583 concurrunt
396 1523 524 1583 dominis
547 1521 760 1583 reuocantibus
783 1541 861 1584 axes.

56 1631 117 1673 non
141 1621 202 1671 tam
225 1611 310 1671 foeda
334 1613 433 1672 uirum
457 1610 654 1672 Laurentibus
678 1615 794 1692 agmina
817 1615 906 1673 terris
1023 1624 1076 1673 410

57 1704 174 1763 eiecere
199 1701 279 1780 noti,
303 1698 412 1780 Libyco
437 1720 491 1760 nec
515 1701 581 1761 talis
605 1703 701 1780 imago

56 1791 157 1869 litore,
181 1789 382 1856 cumiractas
405 1789 564 1850 inuoluunt
587 1808 715 1869 aequora
738 1810 862 1870 puppes,

56 1880 127 1939 hinc
150 1877 280 1958 biiuges,
304 1877 384 1937 illinc
408 1887 490 1938 artus
515 1887 680 1939 cernuntur
703 1880 800 1960 eriles,

57 1985 133 2047 quos
156 1966 245 2048 radii,
270 1984 345 2045 quos
368 1967 447 2026 ferra
471 1975 585 2048 secant3
609 1968 795 2048 trahiturque
820 1968 969 2048 trahitque

57 2073 167 2116 currus
191 2054 280 2114 caede
304 2055 426 2116 madens
449 2064 573 2136 atroque
597 2058 628 2117 in
651 2056 776 2136 puluere
800 2077 905 2137 regum
1023 2068 1076 2117 410

56 2148 175 2205 uiscera
198 2162 277 2203 nunc
301 2143 379 2224 aliis,
402 2145 467 2205 aliis
492 2164 571 2206 nunc
596 2145 701 2206 axibus
724 2147 856 2207 haerent.

56 2234 130 2293 haut
152 2234 225 2292 moti
249 2230 427 2293 Colchorum
450 2236 552 2294 animi:
576 2252 672 2312 neque
696 2240 815 2296 mittere
834 2243 971 2312 parcunt

56 2321 129 2402 tela,
153 2328 198 2381 set
221 2321 370 2399 inplicitos
394 2325 560 2402 miseraque
584 2325 615 2383 in
638 2333 721 2402 peste
746 2326 899 2385 reuinctos

57 2409 233 2471 confodiunt
255 2427 289 2470 ac
312 2410 406 2471 iorma
430 2415 512 2472 necis
535 2431 594 2472 non
618 2412 709 2473 altera
733 2415 836 2497 surgit,

58 2516 147 2578 quam
170 2517 277 2565 ceruos
301 2497 352 2559 ubi
376 2519 435 2559 non
459 2501 569 2560 Umbro
594 2511 719 2562 uenator
742 2503 835 2582 edaci,
1022 2512 1076 2560 400

57 2605 119 2648 non
141 2589 232 2666 pinna
254 2589 343 2666 petit,
366 2588 523 2649 haerentes
547 2590 600 2649 sed
623 2590 765 2650 cornibus
789 2591 855 2650 altis

56 2677 174 2736 inuenit
197 2685 227 2735 00
251 2694 338 2735 00000
362 2681 541 2738 constrictos
561 2681 670 2758 excipit
692 2682 745 2740 ira.

56 2768 121 2844 ipse
145 2763 312 2824 recollectis
336 2766 430 2826 audax
455 2769 645 2829 Ariasmenus
669 2770 759 2828 armis

56 2853 168 2934 desilit,
191 2853 275 2914 illum
298 2856 376 2914 acies
399 2875 509 2916 curuae
534 2866 615 2917 secat
636 2858 768 2937 undique
793 2857 875 2918 lalcis

55 2945 243 3024 partiturque
267 2945 354 3025 rotis,
378 2944 472 3024 adque
496 2946 564 3006 inde
588 2947 717 3007 fruentia
740 2955 843 3025 raptus
1018 2955 1071 3004 425

56 3035 88 3094 in
111 3035 180 3115 iuga
203 3030 341 3093 Circaeos
365 3036 463 3113 tetigit
486 3053 545 3095 non
569 3035 695 3113 amplius
720 3054 815 3115 agros

103 3124 184 3187 'l’alia
203 3127 340 3188 certatim
363 3125 476 3206 Minyae
501 3129 655 3207 sparsique
682 3126 781 3205 Cytaei

56 3217 163 3277 lunera
186 3215 350 3277 miscebant
374 3219 485 3296 campis
510 3217 718 3296 Scythiamque
741 3214 925 3296 premebant,

57 3322 127 3366 cum
151 3304 225 3365 luno
249 3306 412 3366 Aesonidae
437 3325 497 3366 non
520 3306 596 3366 hanc
620 3305 656 3366 ad
679 3304 791 3365 uellera
814 3322 942 3364 cernens

56 3411 123 3454 esse
147 3395 227 3454 uiam
250 3412 305 3454 nec
329 3397 371 3455 sic
394 3395 509 3456 reditus
532 3397 634 3474 regina
656 3395 812 3476 parandos,
1018 3403 1071 3452 430

55 3489 221 3543 extremam
239 3482 361 3543 molitur
384 3501 486 3567 opem,
511 3485 629 3545 funesta
651 3486 737 3564 prius
760 3501 856 3562 quam
911 3499 915 3505 ·

56 3570 179 3632 consilia
202 3589 236 3632 00
260 3589 366 3634 saeuas
391 3576 490 3656 aperit
512 3593 570 3636 rex
592 3573 736 3656 perimus
754 3573 837 3630 iras.
