2384 3878
82 173 128 239 32
425 174 456 227 C.
474 172 613 226 VALERI
630 171 762 226 FLaccl

84 334 204 403 totaque
227 325 286 383 iam
308 323 420 402 sparsis
442 330 594 382 exarserat
615 321 712 382 insula
734 322 888 382 monstris

83 412 132 474 ilia
154 415 218 493 pias
241 420 351 472 armata
374 429 479 471 manus
502 406 583 490 ‘iuge
605 413 744 490 protinus
766 408 875 470 urbem

83 521 206 581 meque,
228 509 327 580 pater3
350 517 410 560 non
433 495 553 580 hostis‚'
576 502 616 560 ait
640 495 712 560 ‘non
735 500 854 559 moenia
875 497 950 559 laeti
1058 510 1110 561 tto

85 591 217 651 Thraces
231 589 354 669 haben13
368 598 505 649 nostrum
519 588 575 648 hoe
591 589 714 649 facinus.
728 606 766 648 ne
777 605 900 667 quaere,
913 586 985 666 quis
995 596 1110 649 auctor.

83 682 144 740 iam
168 679 251 759 iuge,
274 680 334 738 iam
356 676 463 738 dubiae
486 677 598 738 donum
621 696 692 757 rape
714 678 825 737 mentis
849 684 878 737 et
903 693 1013 738 ensem

84 778 118 830 tu
141 771 256 848 potius,
278 769 437 847 miserere,
459 762 549 827 tene.'
594 777 666 827 tune
690 767 799 845 exeipit
822 774 909 827 artus

83 855 269 936 obnubitque
293 864 382 935 eaput
405 858 588 934 tacitumque
611 856 648 916 ad
672 856 792 915 conseia
814 852 927 915 bacehi

85 946 194 1025 templa
217 948 308 1028 rapit,
330 948 487 1025 primoque
510 963 616 1005 manus
639 964 656 1004 a
678 944 779 1005 limine
803 943 935 1005 tendens
1058 952 1110 1004 2⁶6

83 1030 191 1095 ‘exime
215 1054 271 1095 uos
294 1033 415 1114 sceleri,
436 1043 535 1114 pater,
558 1042 587 1093 et
610 1035 754 1094 miserere
776 1035 899 1112 piorum

83 1119 203 1184 rursus'
222 1127 271 1183 ait.
317 1126 406 1183 tacita
428 1123 569 1201 pauidum
592 1132 663 1182 tunc
687 1122 758 1182 sede
780 1121 894 1182 locauit

83 1212 140 1272 sub
162 1211 289 1292 pedibus
312 1211 476 1289 dextraque
500 1211 560 1289 dei;
578 1209 652 1271 latet
673 1210 722 1270 ilie
746 1217 889 1288 receptus

83 1310 169 1361 ueste
192 1319 289 1379 sacra;
312 1318 402 1361 uoces
425 1299 525 1360 tholus
548 1308 579 1359 et
601 1302 752 1360 trieterica
775 1298 908 1361 reddunt

83 1407 152 1449 aera
175 1407 282 1449 sonum
304 1390 439 1468 maeque
462 1388 594 1449 fremunt
616 1389 648 1448 in
670 1387 772 1449 limine
796 1390 900 1468 tigres.
1056 1398 1109 1449 atto

83 1480 186 1556 regina
209 1487 243 1538 ut
265 1481 360 1538 roseis
383 1479 529 1538 Auroram
552 1496 676 1556 surgere
699 1476 776 1556 bigis

84 1566 159 1626 uidit
184 1576 215 1626 et
237 1568 366 1627 insomni
389 1566 512 1626 lassatas
535 1564 655 1625 turbine
678 1566 799 1626 tandem

83 1656 265 1715 conticuisse
288 1656 405 1735 domos,
428 1653 563 1714 stabilem
586 1654 704 1733 mando
727 1656 840 1735 optima
863 1654 944 1716 iacta

83 1743 155 1804 dant
178 1746 310 1805 animum
332 1746 485 1822 maiorque
509 1744 566 1822 piis
590 1743 712 1803 audacia
735 1744 860 1824 coeptis,

82 1840 163 1892 serta
185 1835 263 1913 patri
286 1835 465 1911 iuuenisque
489 1849 604 1892 comam
626 1840 787 1911 orestesque
811 1829 901 1912 Lyaei
1058 1840 1108 1895 ati

80 1920 178 1981 induit
201 1929 232 1983 et
253 1922 383 1983 medium
406 1940 498 1982 enrru
520 1920 598 1981 locat
620 1938 747 1999 aeraque
770 1922 887 1982 circum

82 2018 278 2088 tympanaque
302 2020 332 2070 et
354 2011 456 2088 plenas
475 2011 564 2069 taeita
587 2009 743 2070 formidine
767 2013 866 2070 cistas.

80 2099 147 2176 ipsa
169 2100 254 2158 sinus
276 2098 455 2177 hederisque
478 2097 549 2176 ligat
571 2096 764 2158 famularibus
786 2108 870 2159 artus

81 2188 327 2267 pampineamque
351 2189 445 2266 quatit
467 2187 601 2247 uentosis
623 2185 732 2247 ictibus
755 2187 870 2248 hastam

81 2277 262 2356 respiciens,
285 2284 385 2337 teneat
408 2276 520 2337 uirides
544 2275 639 2336 elatus
662 2275 792 2336 habenas
1057 2288 1109 2339 πο

84 2370 118 2423 ut
141 2372 239 2445 pater,
263 2367 293 2423 in
317 2367 406 2424 niuea
428 2372 562 2425 tumeant
585 2372 618 2424 ut
641 2382 753 2424 cornua
776 2366 866 2425 mitra

85 2458 115 2511 et
138 2469 224 2510 sacer
247 2460 281 2512 ut
303 2451 452 2513 Bacchum
476 2452 586 2512 reserat
610 2452 747 2532 scyphus.
792 2452 904 2532 inpulit
925 2456 993 2517 acri

86 2547 149 2600 tum
173 2539 286 2601 ualidas
309 2541 438 2601 stridore
461 2541 542 2600 fores
564 2542 738 2621 rapiturque
761 2560 816 2622 per
838 2541 950 2605 urbem

84 2628 152 2688 talia
178 2648 252 2691 uoce
276 2648 398 2690 canens:
423 2625 534 2708 ‘linque
559 2648 576 2688 o
599 2628 672 2689 mihi
695 2630 784 2690 caede
807 2631 992 2715 madentem,

87 2715 217 2798 Bacche,
240 2719 374 2797 domum3
398 2722 461 2779 sinc
485 2718 635 2778 foedatum
658 2726 688 2778 te
711 2719 816 2780 sunere
838 2727 954 2800 pontus
1058 2731 1109 2785 2⁷⁶

84 2807 184 2882 expiet
208 2814 238 2864 et
261 2806 390 2865 referam
412 2806 489 2866 lotos
512 2809 543 2867 in
567 2806 676 2884 templa
699 2803 864 2868 dracones?

84 2893 127 2951 sic
151 2892 264 2952 medios
288 2911 407 2972 egressa
430 2902 542 2973 metus3
566 2894 636 2954 facit
658 2896 722 2972 ipse
745 2897 910 2959 uerendam

84 2997 153 3039 nam
176 2980 249 3041 deus
274 2989 304 3041 et
325 2980 397 3041 ilatn
416 3000 476 3042 non
499 2984 592 3042 inscia
615 2981 713 3061 gliscit
736 2983 850 3046 anhelo.

86 3066 204 3144 iamque
228 3087 331 3129 senem
354 3072 452 3130 tacitis
475 3089 564 3131 saeua
585 3071 690 3150 procui
714 3071 789 3133 urbe
813 3083 967 3139 remotum

83 3154 235 3216 coemerat
258 3157 355 3239 siluis,
379 3160 474 3238 ipsam
497 3158 549 3219 sed
573 3161 711 3220 conscius
734 3162 798 3222 ausi
1055 3178 1107 3231 280

84 3249 173 3301 nocte
196 3243 303 3324 dieque
326 3265 420 3325 pauor
443 3246 635 3326 fraudataque
659 3248 760 3311 turbat
781 3248 900 3332 Erinys,

84 3344 145 3387 non
168 3333 278 3395 similes
301 3335 360 3394 iam
383 3335 462 3394 ferre
486 3334 593 3395 choros
617 3330 724 3418 (semei
747 3342 829 3417 orgia
853 3337 979 3427 fallunt)

84 3415 186 3499 audet,
209 3438 269 3480 non
291 3424 405 3501 patrios
427 3424 516 3482 iuriis
539 3425 680 3486 accedere
704 3426 806 3508 saltus,
