2384 3878
130 171 174 235 50
477 170 507 226 O.
526 169 664 224 VALERI
680 169 811 224 undeet

132 322 175 380 sic
197 337 313 404 pugnae
337 318 488 381 crudescit
510 337 599 400 opus3
619 337 716 398 neque
739 320 821 380 enim
843 320 929 398 ignea
953 317 1066 381 cedunt
1100 333 1154 382 210

131 418 210 470 astra
232 408 311 490 loco,
334 408 422 469 lentis
445 409 549 470 haeret
571 426 629 469 nox
653 408 772 469 conscia
795 405 880 486 bigis.

129 517 220 580 perge
243 516 296 577 age
320 497 479 559 Tartareae
502 515 620 558 mecum
644 495 732 557 simul
754 499 853 558 omnia
876 499 983 578 noctis,

129 588 226 669 Musa,
249 588 343 666 sequi.
388 587 536 666 trepidam
558 586 691 646 Phaeton
714 585 835 646 adllauit
857 584 893 646 ab
916 584 976 646 alto

129 675 312 755 Tisiphonen
335 677 515 755 grauiorque
538 674 620 736 locos
643 677 701 735 iam
724 674 790 736 luce
814 677 981 754 propinqua

129 764 235 826 umbra
248 766 370 845 premit3
393 782 454 825 non
477 767 560 843 signa
582 766 692 845 uirum,
715 782 775 825 non
789 764 895 825 lunera
910 772 1049 845 cernunt,
1096 777 1150 827 215

129 862 160 914 et
182 853 263 914 rabie
286 856 379 932 magis
402 872 454 914 ora
478 853 584 915 calent.
629 872 685 913 uos
708 852 840 934 prodite,
861 852 957 934 diuae,

128 943 327 1003 Eumenidum
350 945 505 1023 noctisque
529 941 645 1023 globos,
668 943 790 1021 uatique
812 949 945 1020 patescat

72 1045 79 1059 ⁸
128 1049 279 1094 armorum
302 1033 402 1110 fragor
425 1041 455 1092 et
477 1032 570 1111 tepidi
593 1031 772 1110 singultibus
796 1033 859 1110 agri

127 1121 280 1181 labentum
303 1121 399 1200 adque
422 1123 481 1181 acti
503 1120 609 1200 Minyis
631 1138 686 1199 per
709 1118 796 1180 litora
819 1137 929 1180 manes.

172 1209 294 1288 Cyzicus
317 1207 365 1269 hic
389 1211 483 1269 aciem
505 1210 590 1269 uanis
613 1207 799 1270 discursibus
820 1208 924 1288 implet
1093 1221 1146 1272 rao

127 1299 186 1358 lata
206 1298 342 1378 trahens3
365 1299 424 1358 ianr
446 1296 532 1377 pulsa
555 1295 612 1358 sibi
636 1299 762 1358 cessisse
785 1296 942 1376 Pelasgum

128 1389 258 1468 agmina,
280 1389 339 1447 iam
361 1389 472 1466 passim
495 1405 607 1447 uacuos
630 1387 754 1447 disiecta
776 1405 831 1466 per
854 1404 941 1466 agros

127 1475 223 1536 credit
245 1494 352 1556 ouans3
376 1474 450 1537 tales
474 1494 578 1556 ausus,
601 1494 635 1536 ea
659 1475 763 1554 gaudia
788 1476 872 1553 fingit

125 1567 170 1624 ira
194 1565 291 1624 deum.
337 1564 429 1624 fundo
452 1564 547 1625 ueluti
570 1582 640 1625 cum
663 1564 759 1624 Coeus
782 1565 813 1627 iu
837 1566 896 1625 imo

125 1652 223 1714 uincla
247 1653 327 1713 louis
346 1653 499 1732 fractoque
523 1653 645 1714 trahens
668 1653 821 1714 adamante
845 1661 963 1714 catenas
1088 1666 1139 1715 aaa

126 1742 289 1803 Saturnum
311 1742 489 1821 Tityumque
513 1751 601 1802 uocat
624 1751 767 1822 spemque
791 1742 922 1803 aetheris
945 1760 1048 1804 amens

126 1833 268 1912 concipit,
291 1839 335 1891 ast
358 1830 441 1892 illum
464 1831 564 1892 lluubs
587 1839 618 1892 et
641 1839 727 1892 nocte
751 1832 890 1891 remersit

124 1920 323 1981 Eumenidum
346 1923 428 1980 canis
451 1928 481 1980 et
504 1938 624 1999 sparsae
647 1920 717 1981 iuba
739 1919 870 2000 reppulit
892 1919 1020 1999 hydrae„

125 2011 221 2069 saeuit
244 2008 349 2068 acerba
373 2009 504 2069 fremens
527 2009 705 2088 tardumque
728 2028 745 2069 a
768 2006 924 2069 moenibus
946 2027 1052 2088 agmen

125 2098 298 2176 increpitat:
322 2093 536 2176 ‘numquamne
560 2097 655 2170 dolor⁰
666 2100 825 2176 uirtusque
850 2095 961 2158 subibit
1091 2110 1141 2159 aab

125 2186 167 2246 nil
190 2205 276 2247 ausas
300 2189 363 2247 sine
387 2205 458 2266 rege
480 2183 609 2248 manus?
631 2196 660 2248 at
684 2186 809 2247 barbara
832 2186 929 2246 buxus

125 2278 151 2334 si
174 2284 263 2335 uocet
286 2284 315 2336 et
339 2278 427 2336 motis
451 2276 597 2337 salutantia
619 2275 762 2356 Dindyma
785 2277 893 2357 sacris‚·

124 2371 196 2423 tunc
220 2365 301 2423 ensis
323 2363 420 2442 placet
442 2372 532 2443 atque
556 2367 652 2445 luror,
674 2365 763 2426 modo
785 2363 843 2425 tela
866 2364 1005 2425 sacerdos

123 2454 256 2532 porrigat
279 2460 309 2512 et
331 2455 412 2512 iussa
435 2455 555 2532 sanguis
579 2452 724 2514 exuberet
745 2447 835 2514 ulnass'

122 2540 232 2602 talibus
254 2540 401 2602 insultans
424 2542 596 2603 iamdudum
619 2543 741 2602 numine
766 2543 851 2603 diuae
1087 2554 1138 2603 235

31 2668 34 2674 ·
123 2631 235 2711 delicit;
258 2632 378 2692 infracti
400 2631 598 2710 languesctmt
620 2632 730 2710 frigore
755 2649 875 2712 cursus3
977 2668 983 2676 -

123 2720 212 2780 corda
235 2728 358 2801 pauent3
377 2721 460 2781 audit
482 2722 619 2782 fremitus
642 2722 762 2799 irasque
786 2720 906 2781 leonum

123 2825 293 2886 cornuaque
318 2818 347 2868 et
370 2818 464 2869 motas
487 2810 570 2871 uidet
593 2812 672 2870 inter
695 2809 795 2869 nubila
818 2819 927 2870 turres.

121 2906 194 2958 tunc
217 2898 317 2975 grauis
340 2905 370 2957 et
394 2906 476 2957 certo
499 2898 626 2959 tendens
650 2899 778 2959 stridore
801 2917 857 2978 per
880 2896 1016 2958 umbram

121 2987 241 3046 Aesonii
263 2987 347 3046 uenit
369 2985 453 3046 hasta
476 2987 561 3047 ducis
584 2987 734 3067 latumque
759 2987 815 3047 sub
838 2989 899 3047 imo
1084 2998 1138 3047 ‘240

120 3082 244 3154 pectore
267 3076 379 3154 rumpit
401 3078 467 3136 iter.
515 3094 603 3154 quam
626 3094 706 3137 nunc
730 3078 880 3156 incognita
903 3075 995 3136 uellet

121 3163 214 3224 lustra
237 3161 294 3222 sibi
317 3162 473 3243 nullosque
497 3166 580 3226 datos
605 3163 762 3226 [senatibus
785 3161 901 3226 annos?
982 3162 985 3167 ’

120 3252 189 3312 talia
213 3255 389 3331 magnanimi
413 3254 533 3313 diuerso
556 3253 675 3315 turbine
699 3254 829 3315 fundunt

120 3340 178 3402 tela
202 3334 274 3422 uiri,
298 3343 472 3420 sonitusque
495 3342 605 3421 pedum
629 3351 827 3422 suspectaque
851 3352 934 3404 motu
1014 3359 1017 3364 ’

118 3430 287 3510 explorant3
310 3439 453 3510 prensant
476 3432 573 3491 socios
596 3450 761 3511 uocemque
785 3440 957 3511 reposcunt.
1013 3443 1016 3450 “
1086 3444 1138 3491 eto

111 3519 246 3593 quodsi
268 3527 350 3580 tanta
372 3519 439 3580 lues
462 3538 547 3581 seros
566 3519 703 3582 durasset
725 3523 756 3580 in
780 3529 873 3602 ortus,
