2384 3878
84 175 129 240 40
424 175 453 230 C.
472 174 611 229 VALERI
629 172 759 228 FLAOCI

85 335 221 405 pastores
243 327 417 404 magnisque
440 332 547 402 petunt
571 322 749 384 clamoribus
772 323 886 385 urbem.

86 417 209 475 nuntius
231 414 301 474 hinc
326 416 422 473 socios
446 413 587 473 Telamon
611 420 712 493 uocat,
735 430 769 472 ac
793 413 881 473 simul
905 415 964 493 ipsi
1052 427 1107 476 540

84 503 264 565 horrescunt
288 502 446 581 subitoque
470 501 574 562 uident
596 504 628 561 in
652 502 795 580 sanguine
817 520 957 581 puppem.

85 611 140 652 nec
163 594 263 653 minus
286 594 317 651 in
341 590 480 670 scopulos
504 591 650 669 crudique
674 592 827 650 cacumina
850 592 913 651 saxi

85 683 191 742 emicat
214 680 330 741 Alcides
353 679 519 758 uinclisque
543 677 715 740 tenentibus
739 679 835 739 aufert

84 772 237 847 uirgineas
261 769 297 828 de
320 788 396 848 rupe
419 786 525 829 manus
548 776 686 848 aptatque
710 767 849 848 superbis

85 877 167 919 arma
190 860 315 938 umeris;
338 876 440 937 regem
462 857 531 917 inde
554 865 660 937 petens
684 855 844 936 superabat
866 865 976 918 ouante
1050 869 1104 918 545

85 947 172 1007 litora
195 954 258 1008 tuta
282 947 387 1027 gradu,
412 946 506 1025 qualis
529 965 585 1025 per
607 964 717 1025 pascua
740 947 838 1006 uictor

85 1036 265 1116 ingreditur,
289 1044 352 1096 tum
376 1035 449 1095 colla
473 1043 606 1115 tumens,
629 1042 693 1095 turn
716 1033 824 1095 celsior
847 1036 938 1095 armis

85 1133 203 1206 tauruS,
226 1125 278 1184 ubi
302 1125 418 1185 adsueti
440 1125 558 1202 pecoris
581 1123 696 1184 stabula
720 1123 777 1183 alta
799 1125 906 1184 reuisit

85 1223 115 1273 et
138 1215 267 1293 patrium
291 1232 396 1273 nemus
420 1220 450 1271 ct
473 1211 550 1271 bello
575 1231 650 1290 quos
674 1211 755 1272 ultus
779 1230 903 1273 amores.

129 1301 225 1363 Obuia
245 1303 292 1361 cui
317 1309 421 1362 contra
444 1300 539 1379 longis
563 1320 679 1361 emersa
700 1301 834 1361 tenebris
1051 1313 1106 1364 550

86 1390 174 1451 turba
197 1390 348 1470 Phrygum
371 1408 556 1470 paruumque
581 1389 703 1450 trahens
726 1408 795 1450 cum
818 1391 945 1469 coniuge
968 1396 1073 1452 natum

84 1478 267 1560 Laomedon3
290 1482 347 1539 iam
371 1487 502 1540 maestus
527 1497 633 1559 equos,
655 1481 714 1539 iam
737 1478 836 1539 debita
857 1480 942 1559 posci

85 1569 161 1628 dona
185 1571 284 1647 gemit.
312 1587 381 1647 pars
406 1570 478 1627 aerii
502 1568 617 1646 fastigia
640 1569 719 1627 muri

86 1659 177 1735 cingit
200 1665 231 1717 et
253 1658 363 1736 ignotis
386 1658 527 1716 iuuenem
550 1658 699 1716 mirantur
721 1659 752 1716 in
777 1657 874 1717 armis.

84 1745 166 1806 illum
191 1754 277 1806 torua
301 1753 388 1805 tuens
411 1744 507 1823 adque
531 1747 593 1804 acri
615 1744 749 1805 lubricus
772 1753 839 1805 astu
1050 1758 1104 1807 555

85 1855 137 1895 rex
162 1835 242 1895 subit
261 1841 291 1894 et
313 1836 409 1914 patrio
433 1833 512 1893 latur
535 1833 610 1893 male
633 1834 729 1895 laetus
752 1852 865 1894 amore:

85 1919 222 1984 ‘maxime
248 1923 461 2002 Graiugenum,
486 1941 574 2001 quem
597 1941 658 1982 non
682 1921 769 2001 Sigea
790 1930 942 2001 petentem

85 2011 172 2072 litora
195 2031 250 2072 nec
273 2019 392 2071 nostrae
416 2013 608 2070 miserantem
631 2011 737 2071 lunera
760 2011 866 2071 Troiae

87 2099 200 2180 adpulit
222 2100 268 2160 his
292 2101 354 2159 fors
376 2101 440 2177 ipsa
463 2097 550 2179 locis,
574 2101 599 2158 si
622 2117 694 2159 uera
716 2107 871 2178 parentem

7 2260 10 2268 Ι
86 2191 163 2252 lama
185 2189 288 2250 Iouem
311 2189 478 2266 summique
502 2186 556 2247 tihi
580 2205 674 2266 genus
698 2206 763 2248 esse
788 2188 939 2270 Tonantis,
1049 2201 1102 2250 560

86 2286 189 2339 noster
213 2278 282 2337 ades
306 2279 474 2354 iunctisque
499 2277 598 2356 uenis,
622 2282 702 2336 sator
725 2295 804 2338 unus
828 2285 858 2337 et
880 2276 960 2337 idem

86 2369 188 2445 stirpis
210 2366 321 2446 hohos,
344 2383 523 2442 quamquam
545 2364 641 2442 longis
665 2364 862 2445 disiungimur
885 2367 955 2426 oris.

85 2463 157 2534 quot
180 2453 252 2515 mihi
275 2461 343 2532 post
365 2452 511 2532 lacrimas,
533 2461 602 2530 post
625 2461 734 2531 quanta
756 2454 871 2532 piacula
894 2462 1015 2532 patrum

84 2562 170 2604 serus
194 2540 276 2603 adesi
300 2560 388 2619 quam
411 2559 504 2620 parua
526 2543 586 2601 tuis
609 2543 667 2601 iarn
690 2542 782 2621 gloria
805 2541 903 2602 iactis!
1062 2550 1087 2596 4

83 2651 189 2693 uerum
213 2650 265 2710 age
289 2649 369 2691 nunc
393 2632 490 2690 socios
513 2630 653 2690 fraternis
676 2631 832 2691 moenibus
854 2633 945 2712 inicr3
1051 2642 1103 2692 555

83 2724 212 2782 crastina
234 2720 285 2780 lux
309 2720 423 2798 biiuges
447 2718 570 2779 stabulis
594 2718 730 2779 ostendet
753 2715 883 2799 apertis'

84 2811 198 2869 dixerat
219 2808 302 2888 haec,
325 2810 489 2884 tacitosque
514 2806 596 2867 dolos
620 2807 777 2887 dhumque
801 2809 915 2870 uolutat

83 2898 172 2958 corde
197 2897 293 2976 nelaS,
317 2896 450 2955 clausum
473 2904 506 2955 ut
530 2895 664 2955 thalamis
687 2915 851 2977 somnoque
875 2905 1032 2976 grauatum
1095 2959 1097 2963 ,

82 2985 216 3047 immolet
239 2992 269 3045 et
291 2992 374 3064 rapta
397 2983 478 3043 ludat
501 3002 643 3062 responsa
666 2984 817 3063 pharetra:

83 3093 210 3152 namque
234 3074 280 3134 his
303 3072 458 3133 Herculeis
482 3072 585 3132 deberi
607 3073 749 3151 Pergama
772 3075 840 3136 telis
1052 3087 1104 3137 570

83 3163 224 3224 audierat.
248 3161 358 3223 Priami
381 3162 433 3222 sed
457 3163 524 3240 quis
546 3163 605 3221 iam
629 3171 765 3224 auertere
789 3167 888 3243 regnis

83 3253 141 3312 lata
165 3246 275 3331 queat?
297 3259 397 3312 manet
419 3251 549 3310 immotis
573 3268 631 3309 nox
654 3249 760 3311 Dorica
782 3252 885 3314 lustris

83 3350 113 3400 ot
136 3358 231 3419 genus
254 3339 424 3401 Aeneadum
449 3346 478 3397 et
501 3336 606 3397 Troiae
631 3339 762 3400 melioris
785 3342 923 3403 honores.

84 3425 162 3489 ‘nos'
186 3431 227 3489 ait
251 3423 298 3488 ‘ad
323 3422 465 3508 Scythici'
489 3425 663 3505 Tirynthius
687 3423 774 3489 ‘ostia
797 3433 881 3507 ponti

74 3525 178 3594 raptat
197 3520 272 3599 iter,
293 3536 362 3577 mor
386 3517 445 3578 huc
469 3524 586 3575 uestras
609 3517 789 3579 reuehemur
812 3519 848 3579 ad
872 3537 940 3580 oras
1050 3530 1103 3582 ott
