2384 3878
82 188 124 251 76
422 186 452 243 C.
470 186 609 241 vanum
625 184 757 241 mccl

80 355 136 398 nec
159 356 217 417 qua
239 335 316 397 ualle
339 354 467 417 memor,
489 353 546 396 nec
569 353 629 414 quo
652 352 685 395 se
707 334 825 394 uertice
848 334 951 396 obtat.

81 426 215 487 Inachias
236 443 341 487 errore
363 427 453 485 etiam
475 424 610 484 defertur
631 420 668 483 ad
690 421 786 483 undae

81 512 176 594 qualis
199 523 230 575 et
252 516 386 593 aprima
409 521 553 592 quantum
574 508 847 573 nonnionem!

81 622 137 663 nec
159 612 245 683 pater
267 610 319 663 aut
340 602 473 682 trepidae
495 608 641 681 temptant
664 599 807 660 accedere
830 598 998 679 nymphe

82 710 153 770 ergo
176 695 286 752 iterum
309 691 413 772 siluas,
435 693 545 751 iterum
566 692 642 769 petit
664 690 746 749 druia
767 696 851 748 retro
1053 688 1129 747 Μ’

81 799 137 839 ceu
162 780 251 859 Styga
274 779 415 840 dilectum
437 780 555 858 fugiens
576 786 679 857 capnt;
700 777 770 837 inde
791 794 849 856 per
871 775 972 837 ruben

81 874 217 946 raptatur
239 868 343 928 Graias
364 868 461 946 adque
483 867 576 927 ardna
597 867 720 926 flumina
741 866 825 946 ripis,

81 955 180 1016 oblato
203 956 299 1017 donee
321 956 443 1036 paulurn
465 963 603 1016 cunctata
624 952 774 1033 profundo

82 1044 199 1105 incidit:
222 1045 370 1106 absistunt
391 1045 502 1104 ductus
523 1052 554 1103 et
575 1060 668 1121 gnara
689 1042 787 1103 futuri

81 1133 152 1193 dant
174 1134 287 1212 placida
310 1133 368 1192 alta
384 1135 478 1211 uiam3
497 1130 588 1191 oebsis
610 1130 717 1210 procui
737 1132 802 1209 ipsa
825 1129 963 1209 reinhet
1053 1138 1101 1191 ss
1141 1192 1143 1198 ,

81 1220 224 1280 cornibus
245 1239 279 1281 ac
302 1238 417 1280 summa
439 1217 568 1298 palearia
589 1221 719 1279 sustinet
738 1217 829 1279 unde
1141 1212 1143 1252 ²

81 1318 127 1368 ast
149 1306 241 1368 Erebi
261 1312 348 1387 uirgo
370 1308 464 1369 ditem
483 1307 565 1367 uolat
587 1307 709 1367 aetbere
728 1305 885 1387 idernpbin

80 1398 254 1475 praecipere
278 1405 308 1456 et
329 1397 437 1457 Pharia
459 1398 631 1457 uenientem
652 1395 765 1474 pellere
788 1401 880 1456 terra.

82 1491 186 1544 eontra
208 1484 293 1546 Nilus
314 1485 401 1545 adest
422 1494 452 1545 et
475 1492 538 1544 toto
560 1487 679 1562 gurgite
701 1492 847 1561 torquem

82 1571 265 1649 Tisiphonen
288 1576 349 1651 agit
370 1573 467 1651 adque
488 1574 558 1633 irnis
579 1572 678 1632 inlidit
699 1572 820 1633 baronis

82 1658 157 1718 bitis
179 1677 268 1738 opem
290 1679 324 1720 ac
347 1663 429 1721 caeci
444 1661 621 1721 ciannnteru
642 1661 766 1721 numa
786 1661 884 1738 regni

81 1756 225 1825 apparent
247 1767 427 1828 sparsaeque
449 1750 530 1809 iaces
552 1747 735 1827 disiectaque
755 1747 845 1826 iunge

81 1834 209 1896 uerbera
232 1846 262 1896 et
285 1837 420 1917 abruptis
440 1838 561 1899 excussi
582 1835 716 1897 crinibus
738 1835 834 1915 hydri

82 1940 138 1981 nec
160 1921 241 1983 louis
263 1928 379 1987 interea
400 1934 498 1986 cessat
518 1943 634 1987 manus.
679 1927 795 1985 intonat
816 1923 879 1985 aito

82 2012 241 2087 insurgens
264 2012 346 2072 caeto
368 2016 485 2092 genitor
508 2030 670 2090 curamque
691 2014 813 2093 iatetrrt,

82 2104 171 2175 atquc
195 2099 259 2177 ipsa
280 2103 440 2180 imperium
460 2100 536 2162 luno
558 2109 659 2180 pauet.
703 2101 778 2163 baec
800 2100 910 2180 perui
932 2100 969 2163 lo

82 2192 198 2263 spectat
220 2186 256 2246 ab
279 2207 348 2249 aree
368 2189 460 2249 Pbari
479 2192 541 2251 iam
561 2189 642 2249 diuis
663 2188 762 2250 addita
782 2191 906 2269 iamque

82 2271 184 2348 aspide
206 2277 307 2335 uincta
329 2295 430 2336 comas
452 2286 480 2337 et
503 2281 606 2338 ouanti
626 2294 755 2356 persona
776 2279 911 2340 donno

82 2356 257 2434 Bosphoron
279 2361 349 2422 hine
371 2372 492 2424 ueteres
513 2368 641 2425 errantis
663 2367 783 2427 numine
805 2365 896 2429 diuae

83 2443 254 2522 uulgauere.
299 2451 384 2509 iuuet
406 2460 526 2513 nosnos
548 2472 628 2515 nunc
649 2456 716 2532 ipsa
738 2453 858 2515 iabores

83 2534 273 2612 inmissisque
296 2544 390 2597 ratem
413 2557 466 2601 ena
488 2559 543 2619 per
564 2542 641 2603 beta
663 2541 810 2620 prodebat
831 2538 939 2605 arric’

128 2618 256 2682 Dixerat.
301 2632 332 2685 et
353 2625 461 2704 placidi
483 2629 645 2691 tendebant
665 2629 788 2691 carbasa
808 2632 905 2695 uenti.

84 2714 204 2783 postera
226 2726 286 2769 non
309 2730 409 2773 cassae
431 2714 537 2795 Minyis
560 2718 675 2779 Aurora
697 2720 807 2779 retexit

84 2794 181 2850 noctis
203 2796 274 2874 iter3
295 2816 374 2858 nona
396 2812 504 2863 cuncta
526 2805 630 2866 uidem
652 2806 834 2886 Thyneaque
856 2809 942 2871 iuxta

84 2879 171 2937 litora
193 2879 305 2942 fatidici
326 2890 431 2963 poenis
452 2890 604 2955 horrentia
625 2894 739 2955 Phinei,

83 2965 147 3064 dira
170 2965 260 3027 deum
281 2989 457 3054 summoque
479 2978 544 3041 ines
567 2981 693 3060 urgebat
713 2985 746 3044 in
767 3002 852 3045 acero.

84 3068 193 3152 pnrppe
215 3071 313 3134 neque
335 3070 485 3127 extorrem
506 3076 624 3131 tantmn
645 3090 702 3131 nec
724 3071 801 3147 lueis
823 3080 966 3150 egentem

83 3155 207 3215 ΜΡΘΓ
224 3139 368 3225 Harpyiae
390 3151 571 3235 Typhoides,
591 3159 637 3217 ira
657 3161 797 3240 tonantis,

84 3220 264 3302 d⁰P⁰P¹¹¹2¹¹¹
285 3233 409 3315 ipsoque
431 3240 522 3320 dapes
544 3245 724 3323 praedentur
746 3247 783 3310 ab
805 3266 868 3309 ore.

84 3310 153 3370 talia
174 3314 307 3395 prodigia
329 3330 360 3384 et
381 3326 456 3389 tales
477 3348 533 3409 pro
556 3336 679 3395 crimine
702 3354 815 3415 poenas

84 3400 259 3477 perimitur·
304 3426 373 3488 spes
395 3433 454 3475 una
476 3421 555 3500 seni,
576 3422 656 3500 qarod
679 3423 791 3503 pollue
813 3442 936 3487 menam

80 3484 231 3563 prmndam
253 3490 311 3553 tata
333 3496 416 3562 luem
436 3503 581 3569 dederant
599 3511 741 3589 Aquilone
763 3514 880 3574 creada
