2384 3878
496 185 546 240 AD
565 186 632 241 LIB.
651 184 697 239 III.
973 187 1103 242 XXXVII

80 335 175 409 pluro
211 339 324 395 metum
383 335 618 411 corruptissimis
655 336 703 394 his
743 336 845 395 uerbis
885 337 1018 412 primum
1057 338 1103 396 ita

85 422 267 483 medendum
294 426 341 483 est
368 426 404 481 ut
431 427 552 484 auctore
579 424 734 501 Maduigio
765 427 928 501 reponatur
959 425 991 483 id
1023 426 1103 503 quod

86 515 118 571 et
149 511 226 570 mihi
257 513 329 571 olim
360 513 392 570 in
418 516 550 571 mentem
577 516 704 572 uenerat
730 506 781 572 ‘en
808 532 865 589 ego
894 507 949 573 eo'.
995 513 1103 573 deinde

84 621 141 676 pro
160 594 278 671 fuoces'
302 619 362 660 non
384 601 472 661 uideo
488 601 559 678 quid
574 602 675 677 aptius
699 602 739 660 sit
762 621 853 679 quam
867 595 985 661 ‘uoles'.
1013 621 1102 677 porro

86 709 122 749 ex
159 682 318 765 ‘tegmina’
354 693 435 749 recte
468 689 609 750 Heinsius
646 689 748 748 elicuit
785 684 939 767 ‘agmina’.
1001 709 1104 750 uocem

86 781 190 838 autam
222 770 304 853 ‘qna'
336 778 452 837 frustra
484 778 582 837 adhuc
613 781 801 853 temptarunt
834 778 928 856 docti,
960 797 997 837 ea
1023 779 1104 837 enim

87 861 243 942 duplicata
264 866 430 942 legendum
460 870 507 925 est
535 860 685 943 ‘quaqua'.
737 867 864 944 denique
891 867 968 927 illud
991 859 1103 943 ‘plura'

85 955 182 1015 traxit
214 955 429 1031 corruptelam,
463 973 531 1013 cum
566 955 677 1014 nimiae
714 956 754 1014 sit
791 957 983 1032 arrogantiae
1014 956 1104 1031 plura

86 1061 178 1120 quam
192 1041 353 1102 Herculem
376 1043 498 1119 agmina
521 1062 553 1102 se
577 1045 746 1102 straturum
768 1063 834 1104 esse
858 1045 993 1120 gloriari.
1020 1037 1103 1103 litte-

59 1150 191 1199 „rarum
213 1131 449 1208 transpositione
471 1132 553 1190 facta
576 1132 683 1207 scripsi
711 1126 843 1209 ‘quaqua
870 1133 993 1209 agmina
1021 1133 1102 1190 ferro

85 1224 179 1296 rupta
200 1214 337 1296 metam'3
366 1221 409 1279 sic
436 1223 539 1279 autem
565 1221 649 1279 Maro
675 1217 748 1295 [XII
777 1218 856 1297 683]
881 1221 986 1297 rapido
1014 1239 1103 1279 cursu

84 1299 187 1368 media
208 1310 331 1386 agmina
353 1303 487 1385 rumpit'.
1116 1338 1117 1341 ¹

178 1416 240 1475 681
265 1411 329 1475 sold
353 1416 472 1491 scripsi:
496 1416 550 1474 soli
573 1413 609 1472 V.

179 1523 243 1581 700
259 1522 458 1595 pneumatibus
483 1521 601 1595 scripsi:
620 1523 781 1594 petentibus
804 1522 845 1596 V;
869 1522 905 1580 cf.
928 1522 956 1578 V
982 1524 1032 1580 73.

178 1628 241 1686 703
265 1629 350 1686 iccata
371 1627 490 1703 scripsi:
512 1627 598 1685 wichad
620 1626 656 1684 V.

85 1735 256 1895 Μῶἷδῧξ
266 1735 340 1790 iacet
362 1732 401 1789 V:
426 1737 499 1793 tacet
524 1732 723 1792 Burmannus.
748 1765 789 1774 -
813 1735 949 1804 (tactibus
962 1732 1103 1794 Vossius:

179 1929 242 1986 734
266 1930 386 2000 parenti
413 1946 449 1984 ex
472 1927 500 1982 V
523 1927 676 2002 reuocaui3
706 1926 743 1984 cf.
771 1927 929 1987 Dracontii
951 1927 1049 2004 Hylas
1072 1928 1104 1987 in

86 2015 153 2074 fine.

179 2105 241 2163 736
270 2105 395 2176 solasque
421 2108 508 2177 rceyat
540 2105 672 2165 decedere
698 2105 792 2164 silacia
842 2124 903 2164 non
930 2104 1017 2164 uideo
1049 2124 1102 2164 cur

86 2192 233 2252 Hercules
258 2211 294 2250 ex
318 2192 403 2251 siluis
427 2192 570 2251 desolatis
594 2192 736 2251 decedere
764 2193 903 2252 noluerit.
949 2195 1017 2269 lege
1046 2187 1104 2254 ‘sc-

85 2274 231 2358 lumque',
253 2281 285 2338 id
308 2284 364 2348 est,
389 2281 452 2339 sine
475 2280 566 2356 Hyla.

179 2370 241 2428 737
271 2387 315 2445 sq.
342 2387 402 2428 aaa
429 2370 514 2428 aliter
542 2372 651 2444 pondu
683 2370 828 2442 canadam
860 2371 906 2430 lca
927 2372 1024 2444 procas
1052 2373 1103 2431 ad

87 2463 198 2532 crepare
220 2462 301 2531 rema
324 2458 408 2516 dedit.
454 2458 504 2516 sed
526 2462 552 2516 ct
575 2458 642 2517 lade
668 2460 728 2518 aiis
750 2477 812 2535 eqs.
836 2460 909 2518 haec
932 2459 1027 2518 uerba
1055 2460 1104 2519 dc-

86 2549 216 2622 prauata
238 2564 299 2604 non
320 2548 402 2604 recte
425 2546 564 2622 adgressi
592 2549 662 2604 sunt
688 2547 749 2604 uiri
772 2547 861 2606 docti.
907 2551 976 2606 ante
1004 2549 1105 2609 omnia

87 2635 167 2694 enim
189 2634 372 2693 remouenda
386 2637 432 2693 est
454 2654 514 2693 uox
537 2627 651 2706 ‘dedit',
675 2654 752 2709 quae
765 2652 862 2711 neque
885 2636 923 2693 ob
949 2637 1106 2711 sequentia

85 2726 225 2799 tempora
247 2722 420 2798 praesentia
442 2722 541 2782 locum
564 2722 656 2781 habet
678 2741 775 2798 neque
802 2743 875 2782 uero
903 2742 921 2781 a
945 2725 1103 2784 sententia.

87 2811 159 2886 quid
182 2810 281 2870 enim?
308 2830 395 2887 num,
418 2813 579 2887 postquam
603 2811 735 2886 gemitus
757 2811 854 2888 dedit,
879 2805 914 2870 in
934 2813 994 2871 uiis
1019 2812 1105 2872 sedet

85 2899 154 2959 lea?
176 2903 266 2976 putes
290 2919 368 2976 eam,
397 2900 469 2958 dum
496 2899 593 2973 sedet,
617 2900 755 2975 querelas
779 2900 875 2960 edere.
922 2919 1105 2977 quamquam

86 3006 141 3047 nec
163 2988 221 3047 hoc
243 2990 360 3046 rectum
383 2993 471 3048 esset.
503 3007 574 3046 nam
597 2988 831 3048 circumcursare
854 2990 1012 3065 omniaque
1036 3009 1102 3065 per-

86 3077 206 3153 quirere
233 3077 300 3135 loca
328 3076 426 3136 solent
452 3077 565 3135 matres
588 3076 701 3135 fetibus
730 3077 864 3136 orbatae.
908 3078 1011 3154 itaque
1035 3097 1103 3138 cum

85 3165 134 3224 lea
161 3184 229 3224 cum
251 3164 381 3224 Hercule
408 3169 478 3241 post
500 3164 603 3242 Hylan
630 3165 746 3226 frustra
778 3166 949 3241 quaesitum
980 3167 1104 3226 tandem

85 3254 231 3312 redeunte
253 3258 452 3330 comparetur,
476 3253 666 3312 scribendum
685 3257 730 3312 est
755 3247 870 3330 ‘redit'3
895 3274 985 3330 quam
1007 3256 1103 3314 notic-

85 3361 155 3402 nem
181 3342 338 3418 aptissime
366 3343 503 3419 sequitur
529 3342 606 3400 illud
638 3335 736 3402 ‘sedet
767 3343 834 3402 lade
865 3336 945 3402 uiis'.
996 3343 1104 3403 deinde

85 3450 140 3508 pro
169 3423 281 3508 ‘terga'
309 3449 377 3489 cum
407 3431 532 3491 Heinsio
560 3432 683 3507 reposui
707 3424 838 3508 ‘aegra'3
862 3433 898 3491 cf.
921 3432 966 3490 IV
990 3435 1042 3492 46.
1071 3434 1104 3491 et

84 3519 227 3579 facillime
251 3539 287 3578 ex
310 3512 460 3597 ‘adempte
480 3513 565 3598 egra'
577 3575 579 3584 ,
591 3521 668 3582 oriri
686 3521 796 3597 potuit
810 3522 915 3579 leutio
932 3519 1072 3577 tuaHeu.
