2384 3878
473 178 690 235 PRAEFATIO.
1022 179 1088 232 Xlll

48 331 337 393 'Weidmannorum
351 330 469 389 oflicina
489 347 513 387 a.
531 324 614 389 1871
632 329 739 387 emissa
761 329 793 387 in
817 335 900 388 textu
921 336 1089 389 mutauerat

68 438 104 483 ea
132 419 340 480 commendare
364 437 398 478 ae
417 416 549 478 stabilire
574 415 689 476 studuit
716 418 747 475 in
770 418 892 496 proprio
917 416 1015 477 libello
1039 418 1088 477 cui

69 511 224 588 inscripsit
252 503 390 568 ‘Studien
421 525 458 566 zu
481 505 540 565 den
563 505 762 583 Argonautica
784 505 838 564 des
861 504 920 565 Vel.
944 500 1087 565 Flaccus?
1150 556 1154 565 ⁴

159 597 262 675 ltaque
286 615 356 657 cum
378 603 493 656 restare
521 593 657 654 uiderem
684 601 719 653 ut
746 593 867 654 tandem
891 592 1089 672 Argonautica

71 687 201 748 detersis
233 685 358 746 maculis
385 684 453 744 talia
485 683 549 742 lere
578 681 676 760 qualia
708 700 724 741 a
756 690 844 760 poeta
877 689 979 742 essent
1011 683 1091 743 edita

69 777 316 854 restituerentur,
353 771 493 851 equidem
525 773 605 830 uiam
644 770 679 830 ab
711 769 834 831 Heinsio
871 774 982 851 optime
1020 771 1091 831 olim

67 864 173 924 initam
200 862 317 942 ingredi
344 861 445 921 nullus
473 858 616 920 dubitaui.
663 877 776 940 neque,
809 862 834 919 si
867 868 949 921 certa
976 859 1090 920 medela

69 970 130 1013 non
158 959 239 1012 esset
263 953 480 1028 inpromptu,
512 947 549 1007 ad
577 950 765 1008 coniecturas
794 947 899 1008 dubias
928 949 1090 1027 confugere

69 1047 99 1100 et
121 1037 353 1102 uiolentioribus
381 1035 533 1099 interdum
561 1035 776 1096 mutationibus
799 1038 844 1096 nti
872 1055 938 1097 sum
965 1038 1090 1097 ueritus

70 1129 152 1208 qnod
176 1131 227 1207 qui
251 1128 392 1187 carminis
422 1126 648 1203 corruptionem
676 1126 828 1203 ingentem
855 1124 966 1186 babent
992 1127 1091 1204 cogni·

70 1225 132 1278 tam
155 1235 216 1276 non
239 1213 465 1294 uituperabrmt.
511 1212 649 1273 lectionis
672 1220 772 1274 antem
794 1216 971 1274 uarietatem
998 1213 1093 1274 adieci

70 1305 199 1385 nullam,
222 1321 291 1365 oum
316 1305 359 1364 eis
383 1304 436 1381 qui
460 1301 532 1380 quid
556 1302 721 1380 antiquitus
736 1301 877 1363 traditum
901 1305 941 1363 sit
954 1310 1092 1363 accurate

64 1411 253 1473 cognoscere
286 1391 382 1452 uelint
412 1390 543 1451 selectus
576 1408 667 1468 quem
698 1398 807 1451 nocant
830 1399 989 1469 apparatus
1013 1393 1092 1452 criti-

68 1501 123 1543 cus
138 1476 275 1564 (qualem
299 1479 404 1561 solum,
423 1481 482 1539 uisi
497 1478 633 1538 Thilonis
652 1481 752 1558 copias
776 1479 925 1558 expoliare
948 1478 1094 1560 nolebam,

68 1570 140 1631 dare
173 1562 274 1650 potui)
312 1568 387 1628 nibil
420 1570 540 1627 omnino
569 1570 688 1648 prosit‚·
707 1569 735 1627 ei
762 1574 862 1627 autem
890 1569 942 1646 qui
969 1567 1093 1646 legendo

70 1676 193 1719 carmen
215 1659 366 1739 gustaturi
390 1657 450 1717 sint
483 1656 569 1716 lacile
603 1655 653 1715 illo
682 1663 809 1717 careant.
855 1658 955 1733 itaque
988 1659 1018 1716 in
1052 1658 1095 1716 eis

70 1765 149 1825 quae
176 1749 239 1807 iam
263 1753 410 1807 secuntur
437 1744 563 1823 pagellis
594 1744 799 1805 tantummodo
832 1745 941 1823 quibus
973 1745 1047 1805 locis
1080 1764 1096 1804 a

71 1834 202 1893 'l‘bilone
224 1835 403 1894 recesserim
428 1851 518 1911 qnam
542 1832 720 1893 breuissime
743 1832 879 1892 indicabo
904 1835 1015 1914 causis,
1038 1835 1096 1892 nisi

78 1919 133 1980 ubi
147 1938 184 1980 ex
206 1939 240 1982 re
254 1923 351 1982 uisum
365 1928 420 2002 est,
444 1938 505 1981 non
523 1920 659 2001 adiectis3
683 1920 737 1980 bas
756 1923 836 1980 enim
849 1920 977 1980 lectores
1000 1929 1095 1981 atten-

77 2017 126 2068 tos
159 2017 189 2070 et
218 2018 376 2090 poetarum
407 2010 571 2071 latinorum
604 2028 712 2088 gnaros
743 2009 827 2070 lacile
856 2009 1096 2090 deprehensuros

73 2115 144 2158 esse
167 2099 248 2178 ipsos
278 2097 404 2158 confido.

166 2275 181 2335 1
210 2281 249 2336 11
274 2281 461 2351 neternonqne
486 2278 556 2351 fune
574 2278 743 2336 nmnnndo
761 2278 876 2336 canenti
897 2277 1097 2350 factnntrnm.

69 2382 134 2425 non
156 2365 339 2441 perspicitur
368 2383 421 2423 cur
444 2369 586 2424 ueterum
623 2365 704 2425 facta
737 2365 872 2424 audiant.
894 2359 1099 2442 ‘uenerande',

70 2471 143 2512 cum
169 2454 350 2528 praesertim
379 2453 523 2513 Valerius
559 2454 635 2513 alias
663 2455 751 2529 plane
784 2454 905 2514 diuerso
937 2453 1025 2513 modo
1060 2455 1099 2513 de

71 2541 119 2601 eis
140 2541 266 2601 iudicet:
294 2541 332 2600 cf.
360 2543 407 2601 HI
433 2545 472 2602 15
498 2537 547 2601 ‘tu
574 2543 650 2600 mihi
672 2561 751 2600 nuno
779 2560 887 2602 causas
914 2543 1097 2618 infandaque

74 2629 205 2706 proelia,
230 2629 308 2705 clio,
334 2631 431 2705 pande
455 2625 570 2690 uirnm'
597 2633 628 2689 et
656 2631 684 2687 V
709 2633 893 2690 alr-221.
940 2634 1100 2690 senserunt

70 2717 105 2777 id
135 2708 304 2778 anteriores
331 2720 429 2778 critici
461 2721 725 2795 reposueruntque
754 2711 979 2778 ‘memoranda'‚
1026 2720 1097 2778 scri-

72 2806 209 2865 bendum
231 2807 334 2883 potius
358 2801 553 2866 ‘uenerande'
562 2831 569 2883 3
594 2807 630 2866 ef.
656 2806 732 2866 VIII
757 2809 818 2867 181
849 2801 1054 2884 meminique,
1078 2827 1095 2866 ο

48 2893 191 2971 .'Iiphy,
214 2898 339 2955 tuorum
363 2915 434 2955 saxa
457 2916 512 2971 per
534 2897 601 2970 illa,
624 2899 728 2972 pater,
755 2897 890 2972 memini,
918 2896 1099 2973 uenerande,

74 2976 229 3043 laborum'
243 2987 289 3044 et
312 2987 417 3043 auctor
445 2984 558 3044 Culicis
583 2987 624 3043 29
651 2978 787 3061 ‘Octaui,
815 2984 1001 3058 uenerande,
1024 2985 1099 3045 meis

74 3070 220 3131 adlabere
243 3073 371 3147 coeptis,
395 3076 499 3133 sancte
521 3066 631 3150 pater'.

165 3162 206 3219 13
229 3159 344 3234 Solymo
376 3179 411 3220 nc
438 3164 605 3236 nigrantem
637 3161 757 3237 scripsi:
793 3161 910 3236 Solymo
936 3166 1100 3237 uiprantem

71 3244 160 3308 codd.
194 3248 341 3326 asyndeto
373 3250 463 3326 plane
497 3249 693 3310 intolerabili.
737 3249 773 3308 de
804 3242 862 3309 ‘ac'
903 3252 1030 3311 traiecto
1062 3248 1099 3310 of.

74 3336 121 3396 VI
145 3337 208 3397 599
234 3340 266 3396 et
287 3336 363 3396 VIII
386 3340 461 3398 400.

41 3498 47 3507 Ι
166 3426 207 3485 15
241 3426 417 3500 donbroqne
453 3432 567 3486 centnm
599 3427 764 3504 Hauptius‚
796 3426 900 3487 Herm.
940 3426 988 3486 ΠΙ
1022 3428 1100 3486 214:

73 3513 253 3587 &tatrones
271 3516 351 3590 pontt
368 3514 453 3575 codd.
