2384 3878
94 191 137 255 22
439 188 468 245 Ο.
486 190 624 246 VALERI
641 189 770 247 ananei

94 341 164 403 talia
185 358 241 423 per
259 341 404 405 lacrimas.
451 348 480 401 et
503 342 561 401 iam
584 342 787 421 circumspicit
810 339 917 421 deson,

94 432 268 511 praeueniat
291 450 350 512 quc
373 432 431 491 fine
454 431 562 512 minae,
585 448 660 510 quae
684 430 743 491 iata
766 437 900 510 capessat

95 520 183 599 digna
206 524 291 583 satis:
313 537 435 599 magnos
459 519 557 580 obitus
581 526 742 599 natumque
766 519 947 598 domumque

95 619 126 670 et
148 627 243 688 genus
266 608 400 670 Aeolium
423 615 611 688 pugnataque
634 626 759 688 poscere
783 607 867 668 bella.
1064 620 1115 672 ‘tit

95 707 142 759 est
164 700 253 759 etiam
276 707 344 760 ante
369 697 471 759 oculas
494 716 602 759 aeuum
625 697 709 758 rudis
732 697 824 758 altera
845 695 955 778 proles,

95 789 231 866 ingentes
255 790 368 849 animm
391 795 422 848 et
445 787 532 848 lortia
555 787 670 848 discere
694 787 770 847 lacta

96 894 186 956 quem
208 876 282 939 uelit
305 877 400 956 adque
425 875 495 938 clim
518 876 570 937 leti
591 877 763 937 meminisse
785 878 912 955 paterni.

96 984 167 1044 erge
192 985 275 1028 sacra
298 973 397 1027 nnuat.
443 967 556 1027 ueteris
579 964 635 1026 sub
658 973 746 1026 nocte
770 967 924 1045 cupressi·

94 1055 233 1136 sordidus
257 1063 287 1117 et
309 1056 402 1117 multa
424 1055 537 1134 pallens
561 1055 713 1133 ferrugine
736 1060 841 1115 taurus
1064 1064 1114 1117 ⁷⁵15

95 1143 192 1205 stabat
216 1144 325 1227 adhuc,
348 1146 398 1204 cui
421 1142 573 1204 caeruleae
596 1161 651 1224 per
675 1161 787 1205 cornua
811 1144 902 1204 uittae

96 1240 126 1293 et
148 1234 208 1293 taxi
232 1233 315 1293 frons
337 1232 416 1293 hirta
440 1233 545 1313 ccmis;
567 1234 631 1311 ipse
655 1250 744 1312 aeger
767 1230 908 1293 anhelans

95 1323 303 1402 inpatiensque
326 1320 385 1383 lcci
407 1322 531 1401 uisaque
556 1323 717 1382 exterritus
740 1320 853 1382 umbra.

22 1451 26 1457 -
96 1408 190 1488 [hune
214 1409 271 1471 sibi
292 1412 489 1491 praecipuum
511 1413 608 1490 gentis
628 1411 663 1472 de
687 1429 770 1472 mere
794 1409 938 1470 nefandae
1023 1458 1027 1465 .

94 1496 244 1560 Thessalis
267 1501 299 1560 in
322 1518 406 1560 seros
426 1499 501 1560 Ditis
526 1508 700 1561 seruauerat
722 1498 819 1577 usus]
1063 1509 1114 1562 ⁷80

93 1587 178 1648 illum
201 1587 254 1648 uhi
275 1589 401 1648 terrifici
424 1606 582 1668 superesse
605 1590 636 1649 in
659 1596 794 1667 tempere
818 1589 895 1648 sacri

95 1679 262 1758 conspexit,
286 1679 389 1738 statuit
411 1676 471 1737 leto
495 1695 693 1758 supremaque
717 1679 797 1739 latur

94 1765 158 1845 ipse
182 1784 271 1827 manu
295 1774 419 1846 tangens
443 1765 572 1828 damnati
594 1785 707 1827 cernua
729 1769 821 1828 tauri:

95 1849 174 1936 ειιιιε,
198 1855 307 1934 quibus
330 1858 489 1936 imperium
511 1855 592 1917 leuis
615 1864 646 1919 ct
668 1874 729 1916 ncn
753 1873 843 1935 segne
866 1861 1024 1934 peractum

95 1943 172 2003 lucis
190 1945 261 2025 iter,
284 1945 356 2004 mihi
380 1944 526 2027 consiliis,
548 1944 621 2005 mihi
645 1947 762 2024 cognita
785 1943 871 2005 bellis
1062 1953 1112 2006 785

94 2033 214 2092 nomina
236 2051 411 2112 magnorum
435 2033 511 2093 lama
534 2040 648 2094 sacrata
671 2040 826 2114 nepotum3

95 2127 203 2202 tuque,
226 2123 321 2182 excite
344 2139 453 2201 parens
476 2123 604 2203 umbris,
627 2129 662 2183 ut
684 2129 787 2183 nestra
810 2121 929 2183 uideres

95 2209 201 2270 funera
225 2218 255 2271 et
278 2208 385 2273 oblitos
409 2229 553 2291 superum
575 2218 711 2291 paterere
736 2211 862 2291 delores,

97 2297 133 2358 da
155 2296 286 2377 placidae
309 2298 382 2358 mihi
405 2300 484 2360 sedis
507 2302 565 2361 iter
588 2318 695 2379 meque
719 2301 816 2361 lacstia
838 2300 951 2360 uestris

95 2384 233 2447 conciliet
255 2388 417 2465 praemissa
439 2388 521 2449 lccis.
567 2397 614 2470 tu,
636 2391 740 2450 nuntia
763 2396 883 2450 sentum
1061 2399 1113 2452 ‘190

94 2473 283 2557 ringelem,
307 2483 403 2536 terras
427 2476 520 2537 cculis
544 2495 619 2556 quae
642 2480 789 2558 prospicis
812 2478 924 2557 aequis,

94 2562 278 2644 ultricesque
302 2565 373 2626 deae
397 2563 513 2644 Fasque
537 2573 566 2627 et
589 2567 756 2646 grandaeua
779 2566 928 2628 Furorum

95 2650 195 2713 Poena
213 2672 335 2736 parens,
359 2656 459 2716 meriti
482 2657 561 2736 regis
585 2656 735 2717 succedite
759 2658 846 2717 tectis

96 2750 126 2801 et
149 2759 253 2802 saeuas
271 2742 384 2803 inferte
408 2743 496 2805 laces.
543 2763 627 2805 sacer
650 2747 742 2806 effera
764 2752 862 2824 raptet

94 2829 184 2891 corda
206 2848 313 2911 pancr;
336 2849 392 2891 nec
416 2832 477 2891 sela
500 2835 559 2892 mei
581 2835 683 2911 grauia
706 2833 807 2893 adiere
831 2835 892 2894 nati
1060 2844 1112 2897 ιιι

94 2936 176 2980 arma
198 2927 351 2999 ratemque
374 2927 472 2999 putet:
496 2919 606 2981 classes
630 2929 659 2981 et
682 2921 806 2983 Pontica
830 2924 913 3001 signa

93 3006 189 3086 adque
212 3007 380 3087 indignatos
402 3017 547 3071 temerato
570 3009 656 3071 litere
680 3029 767 3090 reges

93 3101 193 3157 mente
217 3097 308 3176 agitet
331 3116 508 3178 semperque
531 3106 613 3161 metu
637 3099 777 3161 decurrat
800 3100 836 3161 ad
858 3098 954 3161 undas

94 3202 175 3246 arma
198 3187 293 3265 ciens3
316 3204 397 3247 mers
421 3205 487 3247 sera
509 3190 590 3248 uiam
612 3195 813 3268 temptataque
836 3188 954 3250 claudat

95 3273 202 3353 effugia
225 3281 256 3334 et
278 3282 395 3336 nostras
418 3284 547 3355 nequeat
569 3294 765 3356 praecurrere
789 3278 877 3359 diras,
1058 3288 1112 3339 800

94 3362 146 3423 sed
169 3362 296 3424 reduces
320 3365 518 3444 iamiamque
542 3367 624 3427 nirm
649 3384 782 3446 auroque
806 3382 967 3427 coruscum

93 3459 197 3512 cernat
219 3454 285 3514 iter.
331 3452 416 3514 stabo
437 3452 583 3515 insultans
607 3462 637 3516 et
659 3457 779 3516 ouantia
800 3463 905 3518 centra

79 3555 136 3596 ora
155 3557 330 3622 manusque
352 3542 457 3606 ieram.
505 3552 586 3630 tum,
608 3543 696 3606 uehis
719 3545 828 3625 siqucd
845 3546 989 3606 inausum
