2384 3878
84 100 149 164 134
420 99 450 156 C.
468 101 606 158 VALERI
624 101 754 158 FLACOI

83 250 162 312 unde
185 257 284 311 metus
307 257 465 331 aestusque
489 252 574 332 mihi,
598 269 733 330 quaeque
757 269 874 332 aspera,
897 259 1001 332 mater,

83 341 236 419 perpetior
259 337 365 400 dubiae
389 339 560 400 iamdudum
583 339 719 401 incendia
742 342 859 399 mentis.

83 427 163 489 nulla
187 429 272 507 quies
295 429 407 509 animo,
429 428 529 489 nullus
552 446 657 509 sopor,
681 428 762 488 arida
784 426 926 489 membra.

83 535 193 595 quaere
216 516 301 577 malis
324 517 434 577 nostris
457 519 593 596 requiem
615 525 804 596 mentemque
828 532 978 595 reponens
1047 528 1094 578 245

82 605 174 665 redde
197 605 278 666 diem
299 613 477 685 noctemque
499 605 585 687 mihi,
608 606 645 666 da
661 605 815 685 prendere
838 613 942 666 uestes

83 694 259 755 somniferas
281 696 397 773 istaque
421 693 523 756 oculos
546 711 715 775 conponere
739 696 833 772 uirga.

82 789 116 842 tu
140 800 258 861 quoque
282 783 337 864 nil,
360 791 468 863 mater,
490 782 599 862 prodes
623 782 708 863 mihi3
732 783 839 843 fortior
862 789 931 842 ante

83 868 145 930 sola
167 871 220 931 fui.
265 873 368 931 tristes
390 871 535 932 thalamos
558 872 724 951 infestaque
749 889 839 931 cerno

83 960 209 1039 somnia,
233 962 372 1038 uipereos
395 961 453 1039 ipsi
475 960 530 1020 tibi
553 977 677 1039 surgere
701 954 821 1020 crines?
1047 969 1095 1020 250

83 1046 153 1106 talia
176 1046 269 1107 uerba
292 1046 378 1108 dabat
401 1038 598 1128 conlapsaque
620 1047 709 1109 flebat
731 1049 852 1126 iniquae

82 1137 114 1195 in
138 1135 261 1196 Veneris
284 1135 387 1197 Medea
410 1138 493 1197 sinus
515 1143 691 1216 pestemque
714 1135 856 1197 latentem

82 1222 201 1284 ossibus
224 1224 319 1304 adque
342 1226 395 1285 imi
417 1224 601 1286 monstrabat
622 1226 754 1304 pectoris
777 1227 885 1303 ignem.

127 1311 261 1391 Occupat
283 1312 420 1391 amplexu
443 1312 542 1374 Venus
566 1321 596 1374 et
620 1313 735 1373 luriah‘a
758 1313 822 1393 figit

82 1398 184 1460 oscula
206 1402 446 1481 permixtumque
469 1401 545 1462 odiis
568 1404 693 1482 inspirat
717 1419 857 1462 amorem.
1047 1410 1093 1462 tot

82 1488 212 1567 dumque
235 1487 315 1550 illam
338 1492 429 1551 uariis
452 1497 635 1551 maerentem
658 1489 784 1551 uocibus
807 1489 899 1550 ambit

81 1579 172 1656 inque
196 1577 252 1637 alio
276 1596 413 1639 sermone
436 1587 532 1660 tenet,
555 1574 639 1657 ‘quin
662 1573 731 1638 hoc'
755 1579 800 1647 ait,
818 1573 900 1638 ‘audi

82 1665 178 1743 adque
202 1666 301 1727 attolle
325 1661 428 1745 genas'
452 1667 640 1745 lacrimisque
663 1666 737 1727 haec
760 1666 826 1726 infit
849 1665 978 1727 obortis:

83 1748 164 1814 ‘cum
186 1753 262 1815 leuis
286 1754 426 1815 aetheriis
449 1754 484 1815 ad
508 1762 536 1816 te
560 1755 648 1815 modo
671 1753 789 1815 laberer
813 1756 903 1836 auriS,

83 1843 160 1903 forte
184 1851 278 1904 ratem
300 1845 397 1922 primo
421 1842 584 1923 fulgentem
606 1843 694 1904 litore
718 1861 819 1926 cerno,
1047 1854 1095 1904 260

84 1931 201 2010 qualem
223 1939 326 1992 nostra
350 1950 404 1993 suo
427 1950 589 2011 numquam
612 1932 763 1992 dimittere
786 1939 877 2011 portu

82 2019 177 2101 callet,
201 2019 296 2081 adhue
315 2039 418 2080 omnes
437 2039 512 2100 qnae
536 2020 649 2081 detinet
671 2019 769 2081 insula
791 2027 885 2081 natos.

82 2126 160 2168 unus
183 2108 225 2168 ibi
248 2116 315 2169 ante
340 2108 412 2169 alios
436 2111 574 2188 quitum
597 2108 672 2169 mihi
694 2108 848 2188 pulchrior
872 2111 970 2170 omnis

82 2197 167 2256 uisus
191 2205 255 2257 erat
279 2190 440 2280 (longeque
464 2198 572 2259 ducem
594 2195 724 2258 mirabar
747 2204 778 2257 et
800 2189 880 2279 ipsa)

82 2284 200 2346 aduolat
227 2285 322 2365 adque
345 2303 436 2347 unam
459 2288 601 2347 comitum
624 2293 707 2346 ratus
731 2303 797 2346 esse
821 2292 942 2362 tuarum
1046 2295 1095 2347 265

84 2366 162 2452 “per
185 2372 239 2433 tibi
259 2369 381 2452 ‘siquis'
406 2370 448 2435 ait¹
469 2370 631 2436 “morituri
653 2376 792 2454 protinus
814 2373 934 2457 horror,

82 2478 116 2520 ac
140 2479 228 2538 quem
251 2479 311 2521 non
334 2464 449 2522 meritis
471 2462 574 2523 uideas
598 2480 758 2524 occurrere
781 2464 933 2543 monstris,

83 2547 157 2609 haec
179 2567 301 2631 precor,
324 2550 397 2610 haee
421 2550 556 2612 dominae
580 2550 694 2611 referas
717 2551 753 2612 ad
776 2552 903 2630 uirginis
928 2569 1033 2612 aurem

83 2655 117 2698 ac
140 2637 228 2699 fletus
251 2639 375 2700 ostende
399 2657 494 2720 meos3
517 2639 560 2700 illi
582 2639 635 2700 has
659 2658 712 2718 ego
737 2657 837 2720 uoces,

83 2745 141 2805 qua
164 2727 260 2809 datur,
282 2727 395 2807 hasque
419 2732 534 2810 manus,
557 2736 591 2788 ut
612 2746 745 2809 possum,
769 2746 785 2788 a
808 2726 898 2788 litore
921 2726 1022 2789 tendo.
1052 2739 1102 2789 270

82 2817 177 2896 ipsae,
201 2834 274 2894 quas
297 2834 416 2877 meeum
437 2835 493 2896 per
515 2816 595 2877 mille
618 2815 753 2897 pericula
776 2818 862 2897 traxi,
960 2886 963 2905 Ι

82 2903 220 2964 defecere
244 2903 330 2984 deae;
354 2923 422 2983 spes
446 2912 476 2965 et
499 2906 548 2964 nia
571 2903 634 2965 sola
660 2905 773 2984 salutis,

83 3009 172 3070 quam
196 2991 324 3072 dederit,
348 2993 374 3051 si
397 2992 473 3053 sorte
497 2991 586 3053 dabit.
632 3011 670 3053 ne
693 3000 764 3054 uota
786 2991 919 3073 repellat,

82 3097 120 3140 ne
144 3099 223 3161 mea,
245 3087 349 3159 totque
373 3082 497 3161 animas,
521 3078 615 3160 qualis
639 3100 694 3142 nee
717 3081 828 3143 uiderit
850 3081 938 3162 ultra,

83 3166 146 3250 dic,
167 3187 290 3249 precor,
313 3169 420 3229 anxilio
444 3173 527 3231 iuuet
551 3170 646 3249 adque
670 3170 742 3231 baec
766 3172 886 3231 nomina
908 3177 1022 3232 seruet.
1054 3180 1105 3233 275

82 3258 111 3316 ei
134 3258 219 3338 mihi,
242 3257 321 3336 quod
344 3256 440 3319 nullas
462 3258 511 3319 bic
534 3277 657 3337 possum
680 3258 836 3320 exsoluere
859 3257 973 3339 grates!
1051 3271 1104 3322 284

83 3363 117 3406 ac
140 3353 239 3407 tamen
260 3345 317 3406 boc
340 3365 429 3408 saeua
451 3365 563 3426 corpus
586 3347 622 3408 de
646 3356 743 3409 morte
766 3356 932 3429 receptum,
1050 3358 1102 3411 285

85 3433 163 3494 hanc
187 3436 313 3496 animam
336 3439 410 3497 sciat
433 3454 499 3497 esse
523 3453 615 3497 suam.
661 3435 852 3498 miserebitur
875 3433 970 3517 ergo?
1040 3462 1043 3467 ·
