2384 3878
329 189 619 248 ARGONAUTICON
636 190 748 246 LIBER
765 191 801 247 II.
1030 195 1074 261 35

57 349 88 402 et
110 340 184 403 deus
207 341 271 421 ipse
295 358 394 401 moras
416 342 603 420 spatiumque
627 341 760 421 indulget
783 344 884 403 amori.

56 428 156 491 Pliada
178 429 243 509 lege
266 429 327 509 poli
349 428 485 490 nimboso
509 440 644 491 mouerat
667 438 746 491 astro

55 518 190 600 luppiter
213 526 369 580 aeternum
391 519 518 580 uoluens
542 537 631 601 opus
655 528 685 580 ct
708 519 796 580 simul
819 520 908 580 undis

57 617 164 669 cuncta
187 616 280 669 ruunt
302 626 422 687 unoque
445 607 494 668 dci
516 607 651 688 Pangaea
674 607 730 669 sub
752 610 815 670 ictu

56 695 244 778 Gargaraque
269 705 298 758 et
320 696 413 757 Moesi
436 704 585 758 steterunt
608 698 766 758 formidine
789 698 857 759 luci.
1019 710 1073 765 360

56 788 174 847 saeuior
197 786 268 847 haut
291 785 348 847 alio
372 786 512 847 mortales
531 795 665 866 tempore
689 796 805 848 mentes

55 884 155 936 terror
178 877 250 956 agit3
273 882 345 936 tunc
369 884 456 954 urget
480 877 572 957 enim,
595 883 667 936 tunc
690 875 801 954 flagitat
823 879 883 936 iras

55 966 88 1024 in
109 963 235 1044 populos
258 962 380 1024 Astraea
403 963 505 1024 lonem
528 967 678 1043 terrisque
701 964 814 1025 relictis

55 1054 176 1114 inuocat
199 1053 321 1114 adsiduo
346 1051 484 1113 Saturnia
508 1054 606 1115 sidera
629 1061 746 1132 questu.

53 1143 224 1220 insequitur
246 1144 332 1221 niger
355 1149 385 1202 et
407 1143 521 1221 magnis
544 1161 613 1203 cum
636 1141 779 1203 iratribus
800 1141 901 1203 Eurus
1018 1155 1070 1206 aab

54 1233 170 1292 intonat
193 1232 308 1310 Aegaeo
332 1231 485 1310 tenditque
509 1231 545 1291 ad
568 1232 655 1292 litora
676 1239 800 1312 pontus3

55 1328 86 1380 et
109 1319 209 1380 lunam
233 1328 338 1399 quarto
363 1319 484 1381 densam
508 1321 591 1381 uidet
613 1319 759 1381 imbribus
783 1326 853 1381 ortu

55 1407 244 1489 Thespiades.
291 1408 397 1487 longus
420 1411 536 1488 coeptis
559 1417 589 1469 et
612 1408 753 1470 fluctibus
776 1416 858 1469 arcet

55 1497 127 1559 dum
149 1506 261 1580 metuS,
284 1515 379 1577 usque
402 1517 497 1558 nouos
521 1497 607 1559 diuae
631 1497 763 1559 melioris
786 1496 822 1558 ad
844 1499 923 1577 ignis

54 1586 130 1649 urbe
154 1587 259 1649 sedent
281 1587 351 1649 laeti
373 1585 488 1667 Minyae
511 1588 670 1667 uiduisque
695 1594 835 1648 uocantes
1018 1599 1071 1651 3⁷0
1100 1623 1103 1628 ·

54 1677 211 1756 indulgent
233 1676 382 1757 thalamis3
405 1675 582 1756 nimbosque
607 1677 734 1738 educere
758 1675 831 1736 luxu

55 1785 111 1828 neo
134 1768 193 1828 iam
215 1765 293 1827 uelle
315 1768 390 1846 uias,
413 1765 616 1845 zephyrosque
640 1765 743 1826 audire
766 1771 909 1825 uocantes

55 1855 256 1935 dissimulant,
279 1855 373 1915 donec
397 1853 511 1914 resides
534 1853 708 1932 Tirynthius
731 1852 822 1913 heros

55 1963 116 2005 non
138 1944 219 2025 tulit,
241 1946 305 2023 ipse
329 1943 386 2004 rati
408 1942 566 2021 inuigilans
589 1942 685 2021 adque
707 1943 824 2021 integer
847 1939 940 2003 urbis

389 2074 587 2154 *²⁸*

54 2211 199 2272 inuidisse
222 2209 295 2271 deos
317 2215 434 2271 tantum
456 2211 547 2270 maris
570 2226 682 2287 aequor
705 2208 817 2268 adortis
1018 2218 1071 2268 ato

55 2300 248 2378 desertasque
272 2299 375 2360 domos
399 2300 591 2377 fraudataque
615 2307 749 2376 tempore
773 2296 857 2375 segni

55 2397 125 2450 uota
148 2397 275 2469 patrum.
321 2388 392 2468 quid
416 2391 531 2469 etipse
556 2388 629 2447 uiris
654 2384 862 2447 cunctantibus
886 2379 983 2447 adsit?

56 2473 85 2538 ‘o
108 2479 211 2539 miseri
235 2479 414 2558 quicumque
437 2480 498 2538 tuis
522 2479 702 2539 accessimus
726 2473 812 2536 actis!

54 2567 165 2627 Phasin
188 2575 218 2627 et
240 2567 352 2628 Aeeten
377 2566 566 2647 Scythicique
589 2564 722 2646 pericula
743 2564 827 2644 ponti

55 2650 160 2717 redde’
184 2658 224 2716 ait
247 2651 417 2715 ‘Aesonidez
440 2674 487 2715 me
511 2663 610 2714 tecum
634 2653 715 2713 solus
738 2655 769 2711 in
792 2667 904 2730 aequor
1017 2661 1071 2711 380

55 2763 158 2806 rerum
181 2747 270 2805 traxit
293 2762 389 2824 amor,
413 2744 484 2804 dum
506 2761 575 2823 spes
597 2742 671 2802 mibi
694 2742 800 2802 sistere
824 2745 941 2800 montes

56 2833 188 2913 Cyaneos
213 2833 392 2912 uigilemque
416 2831 506 2893 alium
529 2830 656 2911 spoliare
676 2831 844 2891 draconem.

56 2925 83 2982 si
105 2923 190 2983 sedet
212 2923 319 3002 Aegaei
342 2922 480 3002 scopulos
503 2920 636 2982 habitare
659 2920 810 3002 profundi,

54 3010 112 3071 hoc
136 3031 254 3072 mecum
276 3011 416 3072 Telamon
439 3018 561 3091 peraget
583 3006 688 3071 meus'
734 3009 807 3069 haec
831 3006 882 3067 ubi
905 3006 992 3087 dicta,

54 3099 134 3160 hand
159 3119 245 3161 secus
268 3100 430 3160 Aesonides
453 3101 574 3160 monitis
597 3116 741 3158 accensus
765 3099 882 3176 amariS,
1019 3103 1072 3155 385

56 3208 146 3268 quam
169 3188 293 3250 bellator
316 3207 425 3269 equus,
447 3189 534 3267 longa
558 3205 647 3266 quem
669 3185 776 3266 frigida
798 3202 871 3265 pace

54 3278 178 3358 pergula
201 3279 264 3360 alit,
287 3277 389 3339 breuis
412 3279 442 3336 in
465 3277 560 3337 flexus
583 3279 668 3356 piger
691 3279 810 3356 angitur
834 3271 925 3353 orbis,

56 3367 141 3428 irena
163 3375 263 3428 tamen
286 3368 497 3445 dominumque
521 3365 608 3446 uelit,
631 3367 657 3424 si
676 3364 799 3426 Martius
823 3378 911 3424 aures

56 3454 168 3518 clamor
191 3464 222 3517 et
245 3455 328 3517 obliti
351 3474 457 3516 rursus
481 3456 580 3533 hagor
602 3453 723 3533 impleat
746 3454 832 3514 aeris.

56 3552 129 3606 tunc
152 3545 264 3626 Argum
287 3544 463 3627 Tiphynque
485 3551 577 3607 uocat
596 3541 770 3625 pelagoque
788 3541 901 3669 paror}
1038 3540 1102 3585 Q

854 3643 878 3689 a
