2384 3878
114 184 193 265 130'
459 202 487 256 c.
506 202 643 257 vonum
660 201 790 257 rancor

113 351 255 430 defuerim
279 367 343 409 mos
366 351 447 410 iussa
468 352 536 429 pati¹
553 367 610 410 nec
634 351 740 411 cedere
764 351 856 411 duris.
1095 364 1130 413 95

96 457 207 520 ⁴unum
230 457 296 518 oro,
320 457 373 498 seu
397 456 444 498 me
467 438 517 499 illa
540 441 603 499 suis
626 457 712 518 seges
736 438 844 500 obruet
867 439 969 520 hastis,

112 528 230 589 hauriet
253 527 389 587 aduerso·
403 544 457 587 seu
480 529 630 588 crastinus
647 529 725 606 ignis
747 527 840 609 hiatu,

113 619 237 677 nuntius
260 615 329 675 hinc
353 632 457 676 saeuas
479 614 577 676 Peliae
600 617 735 677 mittatur
758 617 794 677 ad
818 633 915 697 aures,

113 705 161 765 hic
184 706 310 783 periisse
334 705 431 785 uiros,
454 711 484 764 et
506 720 568 786 me,
592 706 618 764 si
640 712 743 765 uestra
765 704 872 765 inisset

113 793 172 854 ulla
195 792 284 873 fides,
306 791 448 853 reducem
469 794 584 871 patriae
605 787 891 872 potuissereierri'.
1077 807 1129 856 100

158 878 281 941 Talibus
304 882 444 941 attonitos
467 880 556 941 dictis
578 889 743 960 natamque>
758 881 976 960 patremque²··

113 971 222 1048 linquit
244 976 274 1030 et
296 969 551 1049 infidavpraeceps
573 973 741 1049 prorumpit
764 968 800 1030 ab
823 968 897 1031 aula.
933 970 936 975 ’

114 1067 143 1120 at
166 1059 282 1137 trepida
300 1065 330 1118 et
353 1058 474 1118 medios-
488 1059 569 1118 inter
592 1058 710 1119 deserta
732 1066 872 1137 parentes
919 1071 921 1074 ’

114 1149 200 1225 uirgo
223 1146 304 1227 silet,
326 1146 382 1206 uec
406 1146 463 1206 fixa
486 1146 548 1206 solo
561 1164 694 1207 seruare
717 1163 879 1226 parumper

113 1236 224 1296 lumina
250 1252 307 1295 nec
329 1235 579 1313 potuitmaestos
602 1252 662 1294 non
683 1234 806 1296 flectere
830 1233 946 1315 uultus3
1076 1247 1127 1298 105

113 1325 303 1403 respexitque
319 1323 407 1383 fores
431 1329 461 1382 et
484 1321 579 1383 adhuc
602 1325 718 1384 inuenit
741 1331 875 1403 cuntem3
1178 1328 1180 1332 '

113 1415 197 1473 uisus
221 1418 251 1471 et
272 1411 332 1471 heu
354 1413 481 1471 miserae
503 1418 576 1472 tuuc
598 1411 753 1490 pulchrior
776 1411 884 1490 hospes
907 1413 1037 1473 amanti.

114 1499 284 1580 discedens;
306 1498 381 1561 tales
403 1516 537 1580 umeros,
561 1518 596 1560 ea
618 1508 702 1579 terga
724 1499 874 1580 relinquit,

112 1587 162 1649 iila
185 1588 306 1649 domum
329 1588 424 1666 adque
446 1590 528 1667 ipsos
550 1588 671 1666 paulum
693 1588 856 1668 procedere
880 1594 981 1666 postes

114 1684 209 1757 optat,
232 1683 262 1736 at
285 1676 423 1736 ardentes
445 1682 528 1737 tenet
551 1678 628 1737 intra
650 1676 751 1748 limina
773 1693 905 1754 gressus:
1075 1688 1128 1738 110

114 1765 210 1845 qualis
233 1763 285 1824 ubi
308 1772 455 1824 extremas
477 1763 509 1824 io
531 1781 606 1844 uaga
628 1767 720 1826 sentit
738 1764 863 1824 harenas
907 1780 910 1785 ·
1134 1756 1137 1761 ⁴

116 1854 233 1932 fertque
257 1853 409 1931 refertque
432 1853 551 1934 pedem,
574 1854 688 1914 tumido
712 1871 801 1932 quam
824 1854 903 1930 cogit
924 1850 1033 1932 Erinys

114 1944 157 2001 ire
181 1943 256 2000 mari
282 1940 465 2020 Phariaeque
489 1950 598 2002 arceant
619 1949 703 2002 trans
726 1949 855 2021 aequora
877 1948 1002 2003 matres:
1035 1940 1037 1945 ’

114 2031 221 2091 circuit
242 2029 315 2090 haut
338 2028 422 2089 aliter
445 2028 620 2108 foribusque
641 2031 784 2109 inpendet
807 2032 927 2110 apertis,

114 2136 151 2178 an
174 2117 279 2178 melior
302 2115 414 2196 Minyas
436 2126 560 2178 reuocet
581 2125 681 2200 pater3
704 2136 815 2198 oraque
839 2135 990 2179 cernens·
1075 2129 1127 2180 115

113 2207 240 2286 hospitis
263 2213 314 2266 aut
336 2206 399 2266 solo
422 2214 536 2267 maeret
557 2207 673 2268 deiecta
696 2206 787 2267 cubili

114 2303 166 2355 aut
188 2296 272 2355 uenit
294 2296 325 2354 in
348 2311 433 2354 carae
457 2296 603 2373 gremium
625 2296 794 2374 refugitque
818 2297 931 2356 sororis

114 2383 209 2462 adque
232 2381 315 2461 loqui
338 2390 442 2442 conata
463 2382 732 2463 silet3rnrsusque
756 2384 901 2445 recedens

116 2473 245 2552 quaerit,
268 2478 302 2531 ut
324 2472 428 2531 Aeaeis
449 2470 752 2550 hospesconsederit
774 2474 835 2533 oris
900 2490 902 2495 ·

115 2558 257 2642 Phrixus,
280 2567 314 2619 ut
337 2559 439 2638 aligeri
462 2558 569 2620 Circen
591 2561 895 2640 rapuere'draco'nes.
1075 2571 1129 2622 120

113 2657 178 2709 tum
202 2650 343 2709 comitum
365 2650 434 2708 nisu
457 2648 576 2709 fruitur
590 2650 760 2710 miseranda·
776 2651 901 2711 suarum
935 2672 936 2676 ¹

113 2736 280 2816 inpleriqne
303 2739 419 2816 neqnit3
443 2736 601 2816 subitoque
619 2737 793 2816 parentibus
810 2739 915 2800 haeret

91 2822 249 2886 'blandior
272 2833 303 2884 et
324 2827 437 2903 patriae
460 2826 634 2885 circumfert
656 2826 757 2887 oscula
779 2828 909 2888 dextrae.

115 2915 157 2973 sic
182 2914 304 2974 adsueta
325 2915 401 2972 toris
423 2918 454 2972 et
476 2929 596 2972 mensae
619 2913 714 2975 dulcis
737 2915 810 2996 erili,

115 3019 201 3080 aegra
224 3019 302 3062 noua
324 3003 383 3062 iam
405 3009 490 3079 peste
513 3003 595 3061 canis
618 3001 759 3082 rabieque
783 3004 892 3085 futura,
1076 3013 1127 3063 125

114 3096 182 3150 ante
207 3090 307 3168 fugam
329 3096 408 3149 totos
432 3088 538 3149 lustrat
562 3090 747 3168 queribunda
768 3101 900 3170 penates.

114 3178 234 3238 tandem
257 3179 345 3240 etiam
367 3175 447 3238 molli
472 3186 566 3239 semet
589 3181 631 3239 sic
654 3182 789 3258 increpat
812 3182 864 3241 ira.

114 3262 246 3347 ‘pergis'
270 3268 311 3326 ait
334 3261 476 3348 ‘demens
499 3275 588 3345 teque
612 3265 691 3328 illius
714 3269 796 3346 angit
817 3270 913 3347 imago

114 3372 255 3435 curaque,
279 3356 330 3432 qui
352 3356 477 3435 profuga
496 3356 596 3416 forsan
620 3363 702 3416 tenet
725 3355 781 3416 alta
805 3359 905 3417 carina

99 3443 217 3516 quique
238 3460 344 3503 meum
362 3446 479 3528 patrias
502 3445 615 3506 referet
637 3462 693 3505 nec
715 3460 824 3505 nomen
848 3445 884 3504 ad
907 3438 1020 3504 urbes?
1049 3451 1052 3455 ’
1076 3455 1129 3505 130

80 3524 164 3595 qnid
176 3543 236 3592 *me
258 3539 365 3594 antem
390 3537 437 3596 sic
461 3534 514 3598 ilie
539 3543 661 3619 mouet,
684 3542 849 3616 superatne
865 3531 989 3592 inhores
