<?xml version="1.0" encoding="UTF-8"?>
<!DOCTYPE html PUBLIC "-//W3C//DTD XHTML 1.0 Transitional//EN"
    "http://www.w3.org/TR/xhtml1/DTD/xhtml1-transitional.dtd">
<html xmlns="http://www.w3.org/1999/xhtml" xml:lang="en" lang="en">
 <head>
  <title>
</title>
<meta http-equiv="Content-Type" content="text/html;charset=utf-8" />
  <meta name='ocr-system' content='tesseract 3.04.00' />
  <meta name='ocr-capabilities' content='ocr_page ocr_carea ocr_par ocr_line ocrx_word'/>
</head>
<body>
  <div class='ocr_page' id='page_1' title='image "./cvaleriflaccise01flacgoog_0067.png"; bbox 0 0 2384 3878; ppageno 0'>
   <div class='ocr_carea' id='block_1_1' title="bbox 127 176 802 243">
    <p class='ocr_par' dir='ltr' id='par_1_1' title="bbox 127 176 802 243">
     <span class='ocr_line' id='line_1_1' title="bbox 127 176 802 243; baseline 0.004 -12"><span class='ocrx_word' id='word_1_1' title='bbox 127 178 149 243; x_wconf 80' lang='grc'>2</span> <span class='ocrx_word' id='word_1_2' title='bbox 471 177 500 234; x_wconf 78' lang='grc' dir='ltr'>Ο.</span> <span class='ocrx_word' id='word_1_3' title='bbox 518 177 656 233; x_wconf 81' lang='lat' dir='ltr'><strong>VALERI</strong></span> <span class='ocrx_word' id='word_1_4' title='bbox 673 176 802 234; x_wconf 79' lang='lat' dir='ltr'>FLACOI</span> 
     </span>
    </p>
   </div>
   <div class='ocr_carea' id='block_1_2' title="bbox 127 327 1144 1921">
    <p class='ocr_par' dir='ltr' id='par_1_2' title="bbox 127 327 989 408">
     <span class='ocr_line' id='line_1_2' title="bbox 127 327 989 408; baseline -0.002 -20"><span class='ocrx_word' id='word_1_5' title='bbox 127 328 302 408; x_wconf 92' lang='lat' dir='ltr'>progeniem</span> <span class='ocrx_word' id='word_1_6' title='bbox 325 328 488 407; x_wconf 91' lang='lat' dir='ltr'>diuumque</span> <span class='ocrx_word' id='word_1_7' title='bbox 511 329 619 408; x_wconf 73' lang='lat' dir='ltr'>minas,</span> <span class='ocrx_word' id='word_1_8' title='bbox 642 327 723 388; x_wconf 91' lang='lat' dir='ltr'>hunc</span> <span class='ocrx_word' id='word_1_9' title='bbox 746 345 814 387; x_wconf 92' lang='lat' dir='ltr'>nam</span> <span class='ocrx_word' id='word_1_10' title='bbox 837 327 901 387; x_wconf 84' lang='lat' dir='ltr'>lore</span> <span class='ocrx_word' id='word_1_11' title='bbox 924 327 989 406; x_wconf 91' lang='lat' dir='ltr'>regi</span> 
     </span>
    </p>

    <p class='ocr_par' dir='ltr' id='par_1_3' title="bbox 128 417 917 496">
     <span class='ocr_line' id='line_1_3' title="bbox 128 417 917 496; baseline -0.001 -19"><span class='ocrx_word' id='word_1_12' title='bbox 128 418 218 478; x_wconf 82' lang='lat' dir='ltr'>exitio</span> <span class='ocrx_word' id='word_1_13' title='bbox 241 425 385 496; x_wconf 90' lang='lat' dir='ltr'>uatesque</span> <span class='ocrx_word' id='word_1_14' title='bbox 409 423 519 477; x_wconf 88' lang='lat' dir='ltr'>canunt</span> <span class='ocrx_word' id='word_1_15' title='bbox 540 417 750 496; x_wconf 82' lang='lat' dir='ltr'>pecudumque</span> <span class='ocrx_word' id='word_1_16' title='bbox 773 433 828 495; x_wconf 90' lang='lat' dir='ltr'>per</span> <span class='ocrx_word' id='word_1_17' title='bbox 851 433 917 476; x_wconf 91' lang='lat' dir='ltr'>aras</span> 
     </span>
    </p>

    <p class='ocr_par' dir='ltr' id='par_1_4' title="bbox 128 506 994 584">
     <span class='ocr_line' id='line_1_4' title="bbox 128 506 994 584; baseline -0.003 -18"><span class='ocrx_word' id='word_1_18' title='bbox 128 506 254 567; x_wconf 88' lang='lat' dir='ltr'>terrifici</span> <span class='ocrx_word' id='word_1_19' title='bbox 275 508 408 567; x_wconf 90' lang='lat' dir='ltr'>monitus</span> <span class='ocrx_word' id='word_1_20' title='bbox 431 507 553 566; x_wconf 91' lang='lat' dir='ltr'>iterant:</span> <span class='ocrx_word' id='word_1_21' title='bbox 576 523 667 584; x_wconf 91' lang='lat' dir='ltr'>super</span> <span class='ocrx_word' id='word_1_22' title='bbox 691 507 784 584; x_wconf 91' lang='lat' dir='ltr'>ipsius</span> <span class='ocrx_word' id='word_1_23' title='bbox 808 506 913 583; x_wconf 88' lang='lat' dir='ltr'>iugens</span> <span class='ocrx_word' id='word_1_24' title='bbox 991 570 994 575; x_wconf 53' lang='grc'><strong>,</strong></span> 
     </span>
    </p>

    <p class='ocr_par' dir='ltr' id='par_1_5' title="bbox 128 593 1140 851">
     <span class='ocr_line' id='line_1_5' title="bbox 128 593 1140 673; baseline 0 -18"><span class='ocrx_word' id='word_1_25' title='bbox 128 595 219 656; x_wconf 91' lang='lat' dir='ltr'>instat</span> <span class='ocrx_word' id='word_1_26' title='bbox 241 596 319 655; x_wconf 84' lang='lat' dir='ltr'>lama</span> <span class='ocrx_word' id='word_1_27' title='bbox 341 596 400 655; x_wconf 91' lang='lat' dir='ltr'>uiri</span> <span class='ocrx_word' id='word_1_28' title='bbox 422 597 581 673; x_wconf 90' lang='lat' dir='ltr'>uirtusque</span> <span class='ocrx_word' id='word_1_29' title='bbox 604 594 677 655; x_wconf 92' lang='lat' dir='ltr'>haut</span> <span class='ocrx_word' id='word_1_30' title='bbox 699 593 775 654; x_wconf 88' lang='lat' dir='ltr'>laeta</span> <span class='ocrx_word' id='word_1_31' title='bbox 798 601 932 672; x_wconf 78' lang='lat' dir='ltr'><strong>tyranno.</strong></span> <span class='ocrx_word' id='word_1_32' title='bbox 1109 604 1140 655; x_wconf 79' lang='grc'>33</span> 
     </span>
     <span class='ocr_line' id='line_1_6' title="bbox 129 681 1005 764; baseline -0.003 -20"><span class='ocrx_word' id='word_1_33' title='bbox 129 702 200 764; x_wconf 92' lang='lat' dir='ltr'>ergo</span> <span class='ocrx_word' id='word_1_34' title='bbox 225 685 338 745; x_wconf 89' lang='lat' dir='ltr'>anteire</span> <span class='ocrx_word' id='word_1_35' title='bbox 361 692 459 744; x_wconf 91' lang='lat' dir='ltr'>metus</span> <span class='ocrx_word' id='word_1_36' title='bbox 482 685 683 762; x_wconf 90' lang='lat' dir='ltr'>iuuenemque</span> <span class='ocrx_word' id='word_1_37' title='bbox 707 684 882 761; x_wconf 78' lang='lat' dir='ltr'>extinguere</span> <span class='ocrx_word' id='word_1_38' title='bbox 904 681 1005 761; x_wconf 90' lang='lat' dir='ltr'>pergit</span> 
     </span>
     <span class='ocr_line' id='line_1_7' title="bbox 128 771 859 851; baseline -0.003 -19"><span class='ocrx_word' id='word_1_39' title='bbox 128 772 290 834; x_wconf 80' lang='lat' dir='ltr'>Aesonium</span> <span class='ocrx_word' id='word_1_40' title='bbox 313 771 425 851; x_wconf 91' lang='lat' dir='ltr'>letique</span> <span class='ocrx_word' id='word_1_41' title='bbox 449 773 512 832; x_wconf 90' lang='lat' dir='ltr'>uias</span> <span class='ocrx_word' id='word_1_42' title='bbox 536 790 569 833; x_wconf 88' lang='lat' dir='ltr'>ac</span> <span class='ocrx_word' id='word_1_43' title='bbox 593 780 727 850; x_wconf 90' lang='lat' dir='ltr'>tempora</span> <span class='ocrx_word' id='word_1_44' title='bbox 749 778 859 832; x_wconf 91' lang='lat' dir='ltr'>uersat.</span> 
     </span>
    </p>

    <p class='ocr_par' dir='ltr' id='par_1_6' title="bbox 128 856 1102 1030">
     <span class='ocr_line' id='line_1_8' title="bbox 129 856 1102 940; baseline -0.004 -18"><span class='ocrx_word' id='word_1_45' title='bbox 129 861 182 922; x_wconf 90' lang='lat' dir='ltr'>sed</span> <span class='ocrx_word' id='word_1_46' title='bbox 205 879 302 940; x_wconf 90' lang='lat' dir='ltr'>neque</span> <span class='ocrx_word' id='word_1_47' title='bbox 325 861 402 922; x_wconf 88' lang='lat' dir='ltr'>bella</span> <span class='ocrx_word' id='word_1_48' title='bbox 425 861 508 922; x_wconf 91' lang='lat' dir='ltr'>uidet</span> <span class='ocrx_word' id='word_1_49' title='bbox 531 860 633 921; x_wconf 88' lang='lat' dir='ltr'>Graias</span> <span class='ocrx_word' id='word_1_50' title='bbox 656 879 753 939; x_wconf 91' lang='lat' dir='ltr'>neque</span> <span class='ocrx_word' id='word_1_51' title='bbox 777 867 910 920; x_wconf 90' lang='lat' dir='ltr'>monstra</span> <span class='ocrx_word' id='word_1_52' title='bbox 931 875 987 938; x_wconf 94' lang='lat' dir='ltr'>per</span> <span class='ocrx_word' id='word_1_53' title='bbox 1010 856 1102 919; x_wconf 84' lang='lat' dir='ltr'>urbes</span> 
     </span>
     <span class='ocr_line' id='line_1_9' title="bbox 128 948 858 1030; baseline -0.001 -20"><span class='ocrx_word' id='word_1_54' title='bbox 128 948 197 1013; x_wconf 90' lang='lat' dir='ltr'>ulla.</span> <span class='ocrx_word' id='word_1_55' title='bbox 243 949 388 1011; x_wconf 82' lang='lat' dir='ltr'>Cleonaeo</span> <span class='ocrx_word' id='word_1_56' title='bbox 411 953 470 1011; x_wconf 91' lang='lat' dir='ltr'>iam</span> <span class='ocrx_word' id='word_1_57' title='bbox 493 957 628 1030; x_wconf 90' lang='lat' dir='ltr'>tempora</span> <span class='ocrx_word' id='word_1_58' title='bbox 651 950 752 1010; x_wconf 89' lang='lat' dir='ltr'>clusus</span> <span class='ocrx_word' id='word_1_59' title='bbox 775 949 858 1010; x_wconf 92' lang='lat' dir='ltr'>hiatu</span> 
     </span>
    </p>

    <p class='ocr_par' dir='ltr' id='par_1_7' title="bbox 129 1037 1141 1189">
     <span class='ocr_line' id='line_1_10' title="bbox 129 1037 1141 1121; baseline -0.001 -23"><span class='ocrx_word' id='word_1_60' title='bbox 129 1037 259 1121; x_wconf 77' lang='lat' dir='ltr'>Alcides,</span> <span class='ocrx_word' id='word_1_61' title='bbox 282 1038 353 1100; x_wconf 94' lang='lat' dir='ltr'>olim</span> <span class='ocrx_word' id='word_1_62' title='bbox 376 1038 490 1100; x_wconf 81' lang='lat' dir='ltr'>Lernae</span> <span class='ocrx_word' id='word_1_63' title='bbox 514 1039 655 1098; x_wconf 87' lang='lat' dir='ltr'>defensus</span> <span class='ocrx_word' id='word_1_64' title='bbox 677 1037 714 1098; x_wconf 89' lang='lat' dir='ltr'>ah</span> <span class='ocrx_word' id='word_1_65' title='bbox 729 1056 834 1117; x_wconf 86' lang='lat' dir='ltr'>angue</span> <span class='ocrx_word' id='word_1_66' title='bbox 1111 1044 1141 1097; x_wconf 76' lang='grc'>33</span> 
     </span>
     <span class='ocr_line' id='line_1_11' title="bbox 130 1126 939 1189; baseline -0.001 -2"><span class='ocrx_word' id='word_1_67' title='bbox 130 1128 222 1189; x_wconf 80' lang='lat' dir='ltr'>Arcas</span> <span class='ocrx_word' id='word_1_68' title='bbox 246 1135 277 1189; x_wconf 93' lang='lat' dir='ltr'>et</span> <span class='ocrx_word' id='word_1_69' title='bbox 295 1127 438 1188; x_wconf 88' lang='lat' dir='ltr'>ambobus</span> <span class='ocrx_word' id='word_1_70' title='bbox 461 1130 520 1187; x_wconf 91' lang='lat' dir='ltr'>iam</span> <span class='ocrx_word' id='word_1_71' title='bbox 543 1145 655 1187; x_wconf 91' lang='lat' dir='ltr'>cornua</span> <span class='ocrx_word' id='word_1_72' title='bbox 679 1127 772 1187; x_wconf 82' lang='lat' dir='ltr'>tracta</span> <span class='ocrx_word' id='word_1_73' title='bbox 794 1126 939 1187; x_wconf 90' lang='lat' dir='ltr'>iuuencis.</span> 
     </span>
    </p>

    <p class='ocr_par' dir='ltr' id='par_1_8' title="bbox 129 1216 899 1295">
     <span class='ocr_line' id='line_1_12' title="bbox 129 1216 899 1295; baseline -0.004 -19"><span class='ocrx_word' id='word_1_74' title='bbox 129 1217 174 1276; x_wconf 89' lang='lat' dir='ltr'>ira</span> <span class='ocrx_word' id='word_1_75' title='bbox 196 1217 287 1276; x_wconf 88' lang='lat' dir='ltr'>maris</span> <span class='ocrx_word' id='word_1_76' title='bbox 310 1218 447 1294; x_wconf 90' lang='lat' dir='ltr'>uastique</span> <span class='ocrx_word' id='word_1_77' title='bbox 470 1216 591 1294; x_wconf 83' lang='lat' dir='ltr'>placent</span> <span class='ocrx_word' id='word_1_78' title='bbox 614 1216 784 1276; x_wconf 88' lang='lat' dir='ltr'>discrimina</span> <span class='ocrx_word' id='word_1_79' title='bbox 807 1216 899 1295; x_wconf 90' lang='lat' dir='ltr'>ponti.</span> 
     </span>
    </p>

    <p class='ocr_par' dir='ltr' id='par_1_9' title="bbox 129 1301 1027 1473">
     <span class='ocr_line' id='line_1_13' title="bbox 129 1301 1027 1383; baseline -0.001 -18"><span class='ocrx_word' id='word_1_80' title='bbox 129 1312 195 1365; x_wconf 92' lang='lat' dir='ltr'>tum</span> <span class='ocrx_word' id='word_1_81' title='bbox 216 1305 358 1366; x_wconf 90' lang='lat' dir='ltr'>iuuenem</span> <span class='ocrx_word' id='word_1_82' title='bbox 380 1304 539 1383; x_wconf 90' lang='lat' dir='ltr'>tranquilla</span> <span class='ocrx_word' id='word_1_83' title='bbox 561 1311 649 1365; x_wconf 90' lang='lat' dir='ltr'>tuens</span> <span class='ocrx_word' id='word_1_84' title='bbox 673 1323 729 1365; x_wconf 90' lang='lat' dir='ltr'>nec</span> <span class='ocrx_word' id='word_1_85' title='bbox 752 1305 851 1364; x_wconf 84' lang='lat' dir='ltr'>fronte</span> <span class='ocrx_word' id='word_1_86' title='bbox 874 1301 1027 1364; x_wconf 88' lang='lat' dir='ltr'>timendus</span> 
     </span>
     <span class='ocr_line' id='line_1_14' title="bbox 130 1393 866 1473; baseline -0.001 -20"><span class='ocrx_word' id='word_1_87' title='bbox 130 1400 257 1473; x_wconf 89' lang='lat' dir='ltr'>occupat</span> <span class='ocrx_word' id='word_1_88' title='bbox 280 1400 310 1454; x_wconf 91' lang='lat' dir='ltr'>et</span> <span class='ocrx_word' id='word_1_89' title='bbox 332 1393 394 1454; x_wconf 88' lang='lat' dir='ltr'>ticti</span> <span class='ocrx_word' id='word_1_90' title='bbox 417 1394 467 1455; x_wconf 94' lang='lat' dir='ltr'>dat</span> <span class='ocrx_word' id='word_1_91' title='bbox 489 1393 591 1454; x_wconf 91' lang='lat' dir='ltr'>uultus</span> <span class='ocrx_word' id='word_1_92' title='bbox 614 1394 746 1472; x_wconf 90' lang='lat' dir='ltr'>pondera</span> <span class='ocrx_word' id='word_1_93' title='bbox 769 1393 866 1453; x_wconf 89' lang='lat' dir='ltr'>dictis.</span> 
     </span>
    </p>

    <p class='ocr_par' dir='ltr' id='par_1_10' title="bbox 130 1477 1144 1739">
     <span class='ocr_line' id='line_1_15' title="bbox 130 1477 1144 1564; baseline -0.003 -22"><span class='ocrx_word' id='word_1_94' title='bbox 130 1477 219 1542; x_wconf 71' lang='lat' dir='ltr'>‘hanc</span> <span class='ocrx_word' id='word_1_95' title='bbox 241 1482 314 1543; x_wconf 89' lang='lat' dir='ltr'>mihi</span> <span class='ocrx_word' id='word_1_96' title='bbox 336 1482 485 1564; x_wconf 88' lang='lat' dir='ltr'>mihtiam,</span> <span class='ocrx_word' id='word_1_97' title='bbox 507 1491 646 1543; x_wconf 87' lang='lat' dir='ltr'>ueterum</span> <span class='ocrx_word' id='word_1_98' title='bbox 670 1500 744 1561; x_wconf 92' lang='lat' dir='ltr'>quae</span> <span class='ocrx_word' id='word_1_99' title='bbox 766 1481 922 1561; x_wconf 84' lang='lat' dir='ltr'>pulchrior</span> <span class='ocrx_word' id='word_1_100' title='bbox 945 1481 1029 1562; x_wconf 84' lang='lat' dir='ltr'>actis,</span> <span class='ocrx_word' id='word_1_101' title='bbox 1112 1489 1144 1539; x_wconf 81' lang='grc'><strong>43</strong></span> 
     </span>
     <span class='ocr_line' id='line_1_16' title="bbox 130 1567 1032 1650; baseline -0.003 -19"><span class='ocrx_word' id='word_1_102' title='bbox 130 1570 227 1631; x_wconf 92' lang='lat' dir='ltr'>adnue</span> <span class='ocrx_word' id='word_1_103' title='bbox 250 1571 346 1650; x_wconf 87' lang='lat' dir='ltr'>daque</span> <span class='ocrx_word' id='word_1_104' title='bbox 370 1573 509 1632; x_wconf 92' lang='lat' dir='ltr'>animum.</span> <span class='ocrx_word' id='word_1_105' title='bbox 556 1572 651 1631; x_wconf 90' lang='lat' dir='ltr'>nostri</span> <span class='ocrx_word' id='word_1_106' title='bbox 674 1571 711 1631; x_wconf 94' lang='lat' dir='ltr'>de</span> <span class='ocrx_word' id='word_1_107' title='bbox 735 1572 879 1648; x_wconf 88' lang='lat' dir='ltr'>sanguine</span> <span class='ocrx_word' id='word_1_108' title='bbox 901 1567 1032 1630; x_wconf 84' lang='lat' dir='ltr'>Phrixus</span> 
     </span>
     <span class='ocr_line' id='line_1_17' title="bbox 131 1658 856 1739; baseline 0 -20"><span class='ocrx_word' id='word_1_109' title='bbox 131 1658 275 1720; x_wconf 82' lang='lat' dir='ltr'>Cretheos</span> <span class='ocrx_word' id='word_1_110' title='bbox 298 1667 333 1720; x_wconf 92' lang='lat' dir='ltr'>ut</span> <span class='ocrx_word' id='word_1_111' title='bbox 354 1661 465 1739; x_wconf 90' lang='lat' dir='ltr'>patrias</span> <span class='ocrx_word' id='word_1_112' title='bbox 489 1660 598 1720; x_wconf 88' lang='lat' dir='ltr'>audisti</span> <span class='ocrx_word' id='word_1_113' title='bbox 621 1660 759 1739; x_wconf 85' lang='lat' dir='ltr'>effugerit</span> <span class='ocrx_word' id='word_1_114' title='bbox 782 1677 856 1720; x_wconf 92' lang='lat' dir='ltr'>aras.</span> 
     </span>
    </p>

    <p class='ocr_par' dir='ltr' id='par_1_11' title="bbox 130 1747 1006 1830">
     <span class='ocr_line' id='line_1_18' title="bbox 130 1747 1006 1830; baseline -0.002 -22"><span class='ocrx_word' id='word_1_115' title='bbox 130 1747 211 1808; x_wconf 92' lang='lat' dir='ltr'>hunc</span> <span class='ocrx_word' id='word_1_116' title='bbox 234 1748 316 1809; x_wconf 88' lang='lat' dir='ltr'>ferus</span> <span class='ocrx_word' id='word_1_117' title='bbox 340 1748 460 1830; x_wconf 86' lang='lat' dir='ltr'>Aeetes,</span> <span class='ocrx_word' id='word_1_118' title='bbox 484 1747 634 1828; x_wconf 86' lang='lat' dir='ltr'>Scythiam</span> <span class='ocrx_word' id='word_1_119' title='bbox 656 1749 836 1827; x_wconf 86' lang='lat' dir='ltr'>Phasimque</span> <span class='ocrx_word' id='word_1_120' title='bbox 858 1747 1006 1826; x_wconf 81' lang='lat' dir='ltr'>rigentem</span> 
     </span>
    </p>

    <p class='ocr_par' dir='ltr' id='par_1_12' title="bbox 132 1830 995 1921">
     <span class='ocr_line' id='line_1_19' title="bbox 132 1830 995 1921; baseline -0.005 -22"><span class='ocrx_word' id='word_1_121' title='bbox 132 1839 184 1916; x_wconf 91' lang='lat' dir='ltr'>qui</span> <span class='ocrx_word' id='word_1_122' title='bbox 207 1837 278 1899; x_wconf 89' lang='lat' dir='ltr'>colit</span> <span class='ocrx_word' id='word_1_123' title='bbox 301 1830 375 1920; x_wconf 94' lang='lat' dir='ltr'>(heu</span> <span class='ocrx_word' id='word_1_124' title='bbox 398 1840 498 1918; x_wconf 88' lang='lat' dir='ltr'>magni</span> <span class='ocrx_word' id='word_1_125' title='bbox 521 1837 598 1898; x_wconf 89' lang='lat' dir='ltr'>Solis</span> <span class='ocrx_word' id='word_1_126' title='bbox 621 1831 762 1921; x_wconf 79' lang='lat' dir='ltr'>pudori),</span> <span class='ocrx_word' id='word_1_127' title='bbox 784 1836 901 1916; x_wconf 91' lang='lat' dir='ltr'>hospita</span> <span class='ocrx_word' id='word_1_128' title='bbox 924 1836 995 1896; x_wconf 90' lang='lat' dir='ltr'>uina</span> 
     </span>
    </p>
   </div>
   <div class='ocr_carea' id='block_1_3' title="bbox 119 2012 1145 3588">
    <p class='ocr_par' dir='ltr' id='par_1_13' title="bbox 131 2012 1144 2183">
     <span class='ocr_line' id='line_1_20' title="bbox 131 2012 1144 2093; baseline -0.002 -18"><span class='ocrx_word' id='word_1_129' title='bbox 131 2012 174 2075; x_wconf 90' lang='lat' dir='ltr'>nil</span> <span class='ocrx_word' id='word_1_130' title='bbox 196 2015 293 2075; x_wconf 90' lang='lat' dir='ltr'>nostri</span> <span class='ocrx_word' id='word_1_131' title='bbox 315 2014 477 2093; x_wconf 75' lang='lat' dir='ltr'>diuumque</span> <span class='ocrx_word' id='word_1_132' title='bbox 501 2032 623 2076; x_wconf 93' lang='lat' dir='ltr'>memor.</span> <span class='ocrx_word' id='word_1_133' title='bbox 669 2033 729 2075; x_wconf 91' lang='lat' dir='ltr'>uon</span> <span class='ocrx_word' id='word_1_134' title='bbox 752 2015 857 2075; x_wconf 90' lang='lat' dir='ltr'>nuntia</span> <span class='ocrx_word' id='word_1_135' title='bbox 879 2020 996 2074; x_wconf 85' lang='lat' dir='ltr'>tantum</span> <span class='ocrx_word' id='word_1_136' title='bbox 1113 2022 1144 2073; x_wconf 78' lang='grc'><strong>43</strong></span> 
     </span>
     <span class='ocr_line' id='line_1_21' title="bbox 131 2102 1019 2183; baseline -0.001 -20"><span class='ocrx_word' id='word_1_137' title='bbox 131 2102 208 2163; x_wconf 89' lang='lat' dir='ltr'>fama</span> <span class='ocrx_word' id='word_1_138' title='bbox 231 2103 339 2166; x_wconf 87' lang='lat' dir='ltr'>refert:</span> <span class='ocrx_word' id='word_1_139' title='bbox 361 2104 461 2183; x_wconf 91' lang='lat' dir='ltr'>ipsum</span> <span class='ocrx_word' id='word_1_140' title='bbox 483 2104 624 2164; x_wconf 90' lang='lat' dir='ltr'>iuuenem</span> <span class='ocrx_word' id='word_1_141' title='bbox 646 2111 706 2164; x_wconf 90' lang='lat' dir='ltr'>tam</span> <span class='ocrx_word' id='word_1_142' title='bbox 729 2121 818 2163; x_wconf 91' lang='lat' dir='ltr'>saeua</span> <span class='ocrx_word' id='word_1_143' title='bbox 841 2108 1019 2183; x_wconf 84' lang='lat' dir='ltr'>gementem,</span> 
     </span>
    </p>

    <p class='ocr_par' dir='ltr' id='par_1_14' title="bbox 131 2191 991 2272">
     <span class='ocr_line' id='line_1_22' title="bbox 131 2191 991 2272; baseline -0.001 -21"><span class='ocrx_word' id='word_1_144' title='bbox 131 2193 231 2270; x_wconf 91' lang='lat' dir='ltr'>ipsum</span> <span class='ocrx_word' id='word_1_145' title='bbox 254 2210 322 2272; x_wconf 90' lang='lat' dir='ltr'>ego,</span> <span class='ocrx_word' id='word_1_146' title='bbox 346 2210 414 2252; x_wconf 93' lang='lat' dir='ltr'>cum</span> <span class='ocrx_word' id='word_1_147' title='bbox 437 2210 523 2253; x_wconf 89' lang='lat' dir='ltr'>serus</span> <span class='ocrx_word' id='word_1_148' title='bbox 546 2193 642 2253; x_wconf 86' lang='lat' dir='ltr'>fessos</span> <span class='ocrx_word' id='word_1_149' title='bbox 666 2210 756 2272; x_wconf 91' lang='lat' dir='ltr'>sopor</span> <span class='ocrx_word' id='word_1_150' title='bbox 779 2191 877 2270; x_wconf 88' lang='lat' dir='ltr'>alhgat</span> <span class='ocrx_word' id='word_1_151' title='bbox 899 2197 991 2272; x_wconf 76' lang='lat' dir='ltr'>artuS,</span> 
     </span>
    </p>

    <p class='ocr_par' dir='ltr' id='par_1_15' title="bbox 131 2279 908 2360">
     <span class='ocr_line' id='line_1_23' title="bbox 131 2279 908 2360; baseline 0.001 -21"><span class='ocrx_word' id='word_1_152' title='bbox 131 2282 256 2360; x_wconf 89' lang='lat' dir='ltr'>aspicio,</span> <span class='ocrx_word' id='word_1_153' title='bbox 278 2281 376 2341; x_wconf 90' lang='lat' dir='ltr'>lacera</span> <span class='ocrx_word' id='word_1_154' title='bbox 400 2281 530 2342; x_wconf 90' lang='lat' dir='ltr'>adsiduis</span> <span class='ocrx_word' id='word_1_155' title='bbox 553 2289 677 2360; x_wconf 91' lang='lat' dir='ltr'>tumque</span> <span class='ocrx_word' id='word_1_156' title='bbox 699 2281 778 2341; x_wconf 91' lang='lat' dir='ltr'>illius</span> <span class='ocrx_word' id='word_1_157' title='bbox 802 2279 908 2341; x_wconf 89' lang='lat' dir='ltr'>umbra</span> 
     </span>
    </p>

    <p class='ocr_par' dir='ltr' id='par_1_16' title="bbox 133 2367 1145 2719">
     <span class='ocr_line' id='line_1_24' title="bbox 133 2367 1145 2448; baseline 0.005 -21"><span class='ocrx_word' id='word_1_158' title='bbox 133 2367 288 2448; x_wconf 85' lang='lat' dir='ltr'>questibus</span> <span class='ocrx_word' id='word_1_159' title='bbox 312 2376 342 2429; x_wconf 88' lang='lat' dir='ltr'>et</span> <span class='ocrx_word' id='word_1_160' title='bbox 364 2372 462 2448; x_wconf 89' lang='lat' dir='ltr'>magni</span> <span class='ocrx_word' id='word_1_161' title='bbox 485 2388 597 2430; x_wconf 88' lang='lat' dir='ltr'>numen</span> <span class='ocrx_word' id='word_1_162' title='bbox 620 2373 710 2431; x_wconf 90' lang='lat' dir='ltr'>maris</span> <span class='ocrx_word' id='word_1_163' title='bbox 730 2371 840 2431; x_wconf 83' lang='lat' dir='ltr'>excitat</span> <span class='ocrx_word' id='word_1_164' title='bbox 862 2367 955 2430; x_wconf 89' lang='lat' dir='ltr'>Helle.</span> <span class='ocrx_word' id='word_1_165' title='bbox 1113 2380 1145 2432; x_wconf 82' lang='grc'><strong>30</strong></span> 
     </span>
     <span class='ocr_line' id='line_1_25' title="bbox 133 2455 988 2541; baseline 0 -23"><span class='ocrx_word' id='word_1_166' title='bbox 133 2459 158 2518; x_wconf 92' lang='lat' dir='ltr'>si</span> <span class='ocrx_word' id='word_1_167' title='bbox 181 2455 254 2517; x_wconf 93' lang='lat' dir='ltr'>mihi</span> <span class='ocrx_word' id='word_1_168' title='bbox 278 2474 353 2535; x_wconf 92' lang='lat' dir='ltr'>quae</span> <span class='ocrx_word' id='word_1_169' title='bbox 377 2458 525 2536; x_wconf 92' lang='lat' dir='ltr'>quondam</span> <span class='ocrx_word' id='word_1_170' title='bbox 548 2461 643 2541; x_wconf 86' lang='lat' dir='ltr'>uires,</span> <span class='ocrx_word' id='word_1_171' title='bbox 666 2467 700 2520; x_wconf 93' lang='lat' dir='ltr'>ut</span> <span class='ocrx_word' id='word_1_172' title='bbox 722 2460 853 2537; x_wconf 91' lang='lat' dir='ltr'>pendere</span> <span class='ocrx_word' id='word_1_173' title='bbox 876 2475 988 2538; x_wconf 91' lang='lat' dir='ltr'>poenas</span> 
     </span>
     <span class='ocr_line' id='line_1_26' title="bbox 133 2544 1074 2628; baseline 0.004 -22"><span class='ocrx_word' id='word_1_174' title='bbox 133 2544 272 2607; x_wconf 82' lang='lat' dir='ltr'>Colchida</span> <span class='ocrx_word' id='word_1_175' title='bbox 295 2547 354 2606; x_wconf 88' lang='lat' dir='ltr'>iam</span> <span class='ocrx_word' id='word_1_176' title='bbox 377 2554 407 2609; x_wconf 89' lang='lat' dir='ltr'>et</span> <span class='ocrx_word' id='word_1_177' title='bbox 429 2549 509 2625; x_wconf 89' lang='lat' dir='ltr'>regis</span> <span class='ocrx_word' id='word_1_178' title='bbox 532 2555 622 2628; x_wconf 88' lang='lat' dir='ltr'>caput</span> <span class='ocrx_word' id='word_1_179' title='bbox 644 2547 692 2608; x_wconf 92' lang='lat' dir='ltr'>hic</span> <span class='ocrx_word' id='word_1_180' title='bbox 716 2548 811 2628; x_wconf 92' lang='lat' dir='ltr'>adque</span> <span class='ocrx_word' id='word_1_181' title='bbox 835 2564 917 2606; x_wconf 91' lang='lat' dir='ltr'>arma</span> <span class='ocrx_word' id='word_1_182' title='bbox 939 2544 1074 2610; x_wconf 84' lang='lat' dir='ltr'>uideres!</span> 
     </span>
     <span class='ocr_line' id='line_1_27' title="bbox 133 2634 984 2719; baseline 0.001 -24"><span class='ocrx_word' id='word_1_183' title='bbox 133 2634 203 2695; x_wconf 91' lang='lat' dir='ltr'>olim</span> <span class='ocrx_word' id='word_1_184' title='bbox 226 2637 311 2696; x_wconf 91' lang='lat' dir='ltr'>annis</span> <span class='ocrx_word' id='word_1_185' title='bbox 334 2634 383 2696; x_wconf 90' lang='lat' dir='ltr'>illc</span> <span class='ocrx_word' id='word_1_186' title='bbox 407 2637 496 2697; x_wconf 89' lang='lat' dir='ltr'>ardor</span> <span class='ocrx_word' id='word_1_187' title='bbox 517 2636 621 2719; x_wconf 90' lang='lat' dir='ltr'>hehet,</span> <span class='ocrx_word' id='word_1_188' title='bbox 644 2637 772 2698; x_wconf 91' lang='lat' dir='ltr'>necdum</span> <span class='ocrx_word' id='word_1_189' title='bbox 794 2653 860 2696; x_wconf 91' lang='lat' dir='ltr'>mea</span> <span class='ocrx_word' id='word_1_190' title='bbox 883 2635 984 2716; x_wconf 89' lang='lat' dir='ltr'>proles</span> 
     </span>
    </p>

    <p class='ocr_par' dir='ltr' id='par_1_17' title="bbox 132 2723 867 2805">
     <span class='ocr_line' id='line_1_28' title="bbox 132 2723 867 2805; baseline 0.004 -22"><span class='ocrx_word' id='word_1_191' title='bbox 132 2726 257 2803; x_wconf 90' lang='lat' dir='ltr'>imperio</span> <span class='ocrx_word' id='word_1_192' title='bbox 282 2732 312 2785; x_wconf 91' lang='lat' dir='ltr'>et</span> <span class='ocrx_word' id='word_1_193' title='bbox 333 2723 403 2785; x_wconf 91' lang='lat' dir='ltr'>helli</span> <span class='ocrx_word' id='word_1_194' title='bbox 426 2723 516 2787; x_wconf 90' lang='lat' dir='ltr'>rehus</span> <span class='ocrx_word' id='word_1_195' title='bbox 539 2734 655 2787; x_wconf 87' lang='lat' dir='ltr'>matura</span> <span class='ocrx_word' id='word_1_196' title='bbox 676 2728 819 2805; x_wconf 90' lang='lat' dir='ltr'>marique.</span> <span class='ocrx_word' id='word_1_197' title='bbox 865 2724 867 2728; x_wconf 76' lang='grc'><strong>’</strong></span> 
     </span>
    </p>

    <p class='ocr_par' dir='ltr' id='par_1_18' title="bbox 131 2813 1145 2983">
     <span class='ocr_line' id='line_1_29' title="bbox 132 2813 1145 2896; baseline 0.003 -23"><span class='ocrx_word' id='word_1_198' title='bbox 132 2822 180 2894; x_wconf 91' lang='lat' dir='ltr'>tu,</span> <span class='ocrx_word' id='word_1_199' title='bbox 203 2814 252 2872; x_wconf 91' lang='lat' dir='ltr'>cui</span> <span class='ocrx_word' id='word_1_200' title='bbox 273 2814 333 2872; x_wconf 90' lang='lat' dir='ltr'>iam</span> <span class='ocrx_word' id='word_1_201' title='bbox 356 2831 505 2891; x_wconf 92' lang='lat' dir='ltr'>curaeque</span> <span class='ocrx_word' id='word_1_202' title='bbox 528 2817 632 2892; x_wconf 89' lang='lat' dir='ltr'>uigent</span> <span class='ocrx_word' id='word_1_203' title='bbox 654 2816 802 2893; x_wconf 89' lang='lat' dir='ltr'>animique</span> <span class='ocrx_word' id='word_1_204' title='bbox 826 2813 938 2896; x_wconf 91' lang='lat' dir='ltr'>uiriles,</span> <span class='ocrx_word' id='word_1_205' title='bbox 1113 2825 1145 2876; x_wconf 83' lang='grc'>33</span> 
     </span>
     <span class='ocr_line' id='line_1_30' title="bbox 131 2901 1016 2983; baseline 0.001 -21"><span class='ocrx_word' id='word_1_206' title='bbox 131 2904 156 2983; x_wconf 91' lang='lat' dir='ltr'>i,</span> <span class='ocrx_word' id='word_1_207' title='bbox 179 2901 271 2961; x_wconf 90' lang='lat' dir='ltr'>decus</span> <span class='ocrx_word' id='word_1_208' title='bbox 295 2908 325 2961; x_wconf 92' lang='lat' dir='ltr'>et</span> <span class='ocrx_word' id='word_1_209' title='bbox 348 2903 466 2980; x_wconf 90' lang='lat' dir='ltr'>pecoris</span> <span class='ocrx_word' id='word_1_210' title='bbox 489 2901 649 2981; x_wconf 89' lang='lat' dir='ltr'>Nephelaei</span> <span class='ocrx_word' id='word_1_211' title='bbox 672 2902 783 2962; x_wconf 89' lang='lat' dir='ltr'>uellera</span> <span class='ocrx_word' id='word_1_212' title='bbox 806 2901 893 2963; x_wconf 91' lang='lat' dir='ltr'>Graio</span> <span class='ocrx_word' id='word_1_213' title='bbox 1012 2904 1016 2911; x_wconf 91' lang='lat'>&#39;</span> 
     </span>
    </p>

    <p class='ocr_par' dir='ltr' id='par_1_19' title="bbox 133 2985 924 3072">
     <span class='ocr_line' id='line_1_31' title="bbox 133 2985 924 3072; baseline 0.004 -23"><span class='ocrx_word' id='word_1_214' title='bbox 133 2989 225 3049; x_wconf 90' lang='lat' dir='ltr'>redde</span> <span class='ocrx_word' id='word_1_215' title='bbox 249 2987 330 3050; x_wconf 91' lang='lat' dir='ltr'>tholo</span> <span class='ocrx_word' id='word_1_216' title='bbox 355 3007 389 3049; x_wconf 93' lang='lat' dir='ltr'>ac</span> <span class='ocrx_word' id='word_1_217' title='bbox 411 2991 502 3050; x_wconf 88' lang='lat' dir='ltr'>tantis</span> <span class='ocrx_word' id='word_1_218' title='bbox 525 2997 618 3053; x_wconf 90' lang='lat' dir='ltr'>temet</span> <span class='ocrx_word' id='word_1_219' title='bbox 641 2992 761 3071; x_wconf 90' lang='lat' dir='ltr'>dignare</span> <span class='ocrx_word' id='word_1_220' title='bbox 784 2985 924 3072; x_wconf 71' lang='lat' dir='ltr'>periclis!</span> 
     </span>
    </p>

    <p class='ocr_par' dir='ltr' id='par_1_20' title="bbox 133 3076 921 3162">
     <span class='ocr_line' id='line_1_32' title="bbox 133 3076 921 3162; baseline 0.005 -25"><span class='ocrx_word' id='word_1_221' title='bbox 133 3076 241 3137; x_wconf 89' lang='lat' dir='ltr'>talibus</span> <span class='ocrx_word' id='word_1_222' title='bbox 265 3077 402 3138; x_wconf 85' lang='lat' dir='ltr'>hortatur</span> <span class='ocrx_word' id='word_1_223' title='bbox 423 3079 578 3162; x_wconf 91' lang='lat' dir='ltr'>iuuenem,</span> <span class='ocrx_word' id='word_1_224' title='bbox 601 3082 782 3160; x_wconf 92' lang='lat' dir='ltr'>propiorque</span> <span class='ocrx_word' id='word_1_225' title='bbox 805 3079 921 3141; x_wconf 90' lang='lat' dir='ltr'>iubenti</span> 
     </span>
    </p>

    <p class='ocr_par' dir='ltr' id='par_1_21' title="bbox 134 3167 880 3249">
     <span class='ocr_line' id='line_1_33' title="bbox 134 3167 880 3249; baseline 0.007 -24"><span class='ocrx_word' id='word_1_226' title='bbox 134 3167 278 3227; x_wconf 87' lang='lat' dir='ltr'>conticuit</span> <span class='ocrx_word' id='word_1_227' title='bbox 301 3174 397 3226; x_wconf 90' lang='lat' dir='ltr'>certas</span> <span class='ocrx_word' id='word_1_228' title='bbox 422 3167 560 3248; x_wconf 79' lang='lat' dir='ltr'>Scythico</span> <span class='ocrx_word' id='word_1_229' title='bbox 584 3187 765 3230; x_wconf 90' lang='lat' dir='ltr'>concurrere</span> <span class='ocrx_word' id='word_1_230' title='bbox 788 3176 880 3249; x_wconf 87' lang='lat' dir='ltr'>ponto</span> 
     </span>
    </p>

    <p class='ocr_par' dir='ltr' id='par_1_22' title="bbox 134 3253 832 3337">
     <span class='ocr_line' id='line_1_34' title="bbox 134 3253 832 3337; baseline 0.006 -23"><span class='ocrx_word' id='word_1_231' title='bbox 134 3253 265 3333; x_wconf 79' lang='lat' dir='ltr'>Cyaneas</span> <span class='ocrx_word' id='word_1_232' title='bbox 290 3263 430 3335; x_wconf 89' lang='lat' dir='ltr'>tantoque</span> <span class='ocrx_word' id='word_1_233' title='bbox 454 3257 522 3318; x_wconf 89' lang='lat' dir='ltr'>silet</span> <span class='ocrx_word' id='word_1_234' title='bbox 542 3276 682 3337; x_wconf 88' lang='lat' dir='ltr'>possessa</span> <span class='ocrx_word' id='word_1_235' title='bbox 704 3259 832 3318; x_wconf 91' lang='lat' dir='ltr'>dracone</span> 
     </span>
    </p>

    <p class='ocr_par' dir='ltr' id='par_1_23' title="bbox 133 3344 875 3427">
     <span class='ocr_line' id='line_1_35' title="bbox 133 3344 875 3427; baseline 0.005 -24"><span class='ocrx_word' id='word_1_236' title='bbox 133 3344 258 3427; x_wconf 91' lang='lat' dir='ltr'>uellera,</span> <span class='ocrx_word' id='word_1_237' title='bbox 281 3344 440 3406; x_wconf 86' lang='lat' dir='ltr'>multifidas</span> <span class='ocrx_word' id='word_1_238' title='bbox 463 3349 542 3426; x_wconf 88' lang='lat' dir='ltr'>regis</span> <span class='ocrx_word' id='word_1_239' title='bbox 566 3365 656 3426; x_wconf 92' lang='lat' dir='ltr'>quem</span> <span class='ocrx_word' id='word_1_240' title='bbox 678 3346 737 3408; x_wconf 87' lang='lat' dir='ltr'>lilia</span> <span class='ocrx_word' id='word_1_241' title='bbox 759 3347 875 3427; x_wconf 90' lang='lat' dir='ltr'>linguas</span> 
     </span>
    </p>

    <p class='ocr_par' dir='ltr' id='par_1_24' title="bbox 133 3432 943 3516">
     <span class='ocr_line' id='line_1_36' title="bbox 133 3432 943 3516; baseline 0.005 -23"><span class='ocrx_word' id='word_1_242' title='bbox 133 3432 302 3494; x_wconf 83' lang='lat' dir='ltr'>uibrantem</span> <span class='ocrx_word' id='word_1_243' title='bbox 325 3452 362 3495; x_wconf 84' lang='lat' dir='ltr'>cx</span> <span class='ocrx_word' id='word_1_244' title='bbox 385 3435 479 3515; x_wconf 82' lang='lat' dir='ltr'>adytis</span> <span class='ocrx_word' id='word_1_245' title='bbox 503 3444 591 3496; x_wconf 91' lang='lat' dir='ltr'>cantu</span> <span class='ocrx_word' id='word_1_246' title='bbox 614 3434 798 3516; x_wconf 91' lang='lat' dir='ltr'>dapibusque</span> <span class='ocrx_word' id='word_1_247' title='bbox 818 3434 943 3498; x_wconf 89' lang='lat' dir='ltr'>uocabat</span> 
     </span>
    </p>

    <p class='ocr_par' dir='ltr' id='par_1_25' title="bbox 119 3521 829 3588">
     <span class='ocr_line' id='line_1_37' title="bbox 119 3521 829 3588; baseline 0.01 -11"><span class='ocrx_word' id='word_1_248' title='bbox 119 3528 157 3577; x_wconf 80' lang='lat' dir='ltr'>er</span> <span class='ocrx_word' id='word_1_249' title='bbox 177 3521 269 3582; x_wconf 83' lang='lat' dir='ltr'>dabat</span> <span class='ocrx_word' id='word_1_250' title='bbox 292 3530 418 3585; x_wconf 77' lang='lat' dir='ltr'>externo</span> <span class='ocrx_word' id='word_1_251' title='bbox 441 3523 568 3588; x_wconf 88' lang='lat' dir='ltr'>liuentia</span> <span class='ocrx_word' id='word_1_252' title='bbox 590 3525 679 3588; x_wconf 89' lang='lat' dir='ltr'>mella</span> <span class='ocrx_word' id='word_1_253' title='bbox 699 3543 829 3588; x_wconf 86' lang='lat' dir='ltr'>ueneno.</span> 
     </span>
    </p>
   </div>
   <div class='ocr_carea' id='block_1_4' title="bbox 0 0 1205 3878">
    <p class='ocr_par' dir='ltr' id='par_1_26' title="bbox 0 0 1205 3878">
     <span class='ocr_line' id='line_1_38' title="bbox 0 0 1205 3878; baseline 0 0"><span class='ocrx_word' id='word_1_254' title='bbox 0 0 1205 3878; x_wconf 95' lang='lat' dir='ltr'> </span> 
     </span>
    </p>
   </div>
  </div>
 </body>
</html>
