2384 3878
129 180 153 243 4
475 177 505 233 Ο.
523 176 662 233 VALERI
679 175 811 232 etheel

130 327 219 390 turba
242 327 365 409 ducum,
387 327 500 407 primae
524 343 579 388 seu
602 344 679 406 quos
701 327 733 387 in
755 326 829 388 tlore
852 328 993 389 iuuentae

130 424 344 498 temptamenta
366 423 470 477 tenent
492 416 622 477 necdum
644 415 711 477 data
734 417 818 494 copia
841 434 952 477 rerum.

131 506 289 587 atquibus
312 522 455 566 aruorum
478 504 671 584 studiumque
694 506 821 565 insontis
844 523 877 565 ar
895 506 945 587 tri,

131 594 187 656 hos
211 595 364 657 stimulant
386 611 551 672 magnaque
574 600 670 655 ratem
691 612 747 673 per
769 592 864 655 lustra
886 594 1013 674 uiasque

130 686 190 745 uisi
212 684 298 745 lande
321 690 433 744 canunt
455 683 612 743 manifesto
634 684 666 744 in
688 681 800 743 lumine
823 683 917 745 Fauni
1099 694 1144 747 tot

130 772 334 852 siluarumque
358 772 430 833 deae
453 781 541 851 atque
565 772 649 833 elatis
672 771 814 832 cornibus
836 770 955 833 Amnes.

221 862 365 923 Protinus
387 860 516 922 Inachiis
539 859 618 922 ultro
641 860 816 940 Tirynthius
838 859 926 940 Argis

133 951 264 1034 aduolat,
287 950 412 1012 Arcadio
436 953 522 1011 cuius
545 949 692 1010 flammata
714 967 831 1010 ueneno

130 1042 190 1103 tela
212 1059 287 1121 puer
311 1039 471 1119 facilesque
495 1041 607 1099 umeris
630 1038 827 1119 gaudentibus
851 1056 940 1099 arcus

131 1137 228 1210 gestat
249 1129 351 1209 Hylas:
375 1129 449 1190 uelit
470 1128 521 1188 ille
544 1127 678 1208 quidem,
701 1128 754 1189 sed
778 1127 900 1190 dextera
922 1126 1057 1189 nondum
1096 1138 1144 1191 tto

130 1237 185 1299 par
208 1221 294 1279 oneri
317 1217 478 1295 clauaeque
501 1234 601 1296 capax.
647 1235 722 1295 quos
745 1215 854 1278 talibus
877 1233 979 1278 amens

130 1309 300 1386 insequitur
324 1307 487 1384 solitosque
511 1313 603 1367 nouat
626 1304 765 1367 Saturnia
788 1314 925 1384 questus:

131 1391 161 1456 ‘o
184 1399 299 1457 utinam
321 1394 426 1457 Graiae
449 1403 553 1456 rueret
574 1412 635 1455 non
657 1412 745 1455 omne
768 1397 907 1456 iuuentae

104 1514 108 1520 -
129 1488 162 1546 in
185 1503 264 1546 nona
286 1484 346 1547 fata
368 1485 473 1565 decus,
496 1485 651 1563 nostrique
674 1482 859 1562 Eurystheos
881 1483 954 1545 haec
977 1500 1061 1545 nuno

129 1575 211 1635 iussa
234 1571 344 1634 forent!
367 1572 495 1634 imbrem
508 1580 539 1634 et
561 1571 700 1632 tenebras
714 1590 897 1651 saeuamque
911 1571 1074 1633 tridentem
1097 1580 1144 1633 tii

130 1663 189 1723 iam
211 1665 270 1722 iam
294 1680 348 1741 ego
372 1670 403 1723 et
424 1663 512 1722 inuiti
534 1662 690 1721 torsissem
712 1663 847 1740 coniugis
870 1663 978 1740 ignem.

129 1769 212 1812 nunc
235 1769 355 1832 quoque
378 1767 434 1812 nec
459 1753 574 1811 socium
597 1756 716 1811 nostrae
741 1750 938 1829 columenque
962 1748 1082 1811 carinae

130 1858 197 1902 esse
220 1840 324 1922 uelim,
346 1838 502 1900 Herculeis
525 1857 581 1900 nec
604 1856 652 1899 me
675 1857 817 1918 umquam
838 1837 930 1899 fidere
954 1838 999 1899 fas
1022 1840 1063 1900 sit

130 1928 261 2011 abrilis,
284 1930 387 1989 comiti
411 1937 441 1988 et
464 1935 580 1989 tantum
603 1927 713 1989 debere
737 1922 885 2009 superbo!
959 1966 962 1971 -

220 2016 299 2079 Dixit
322 2025 353 2078 et
374 2015 552 2077 Haemonias
574 2016 677 2077 oculos
700 2016 859 2096 detorquet
882 2016 919 2078 ad
940 2013 1045 2078 undas.
1096 2026 1144 2077 tto

130 2107 250 2168 feruere
273 2113 381 2167 cuncta
403 2107 504 2167 uirum
527 2111 628 2187 coetu,
651 2105 740 2166 simul
762 2106 895 2184 undique
919 2106 1018 2168 cernit

131 2194 262 2257 delatum
284 2212 390 2256 nemus
413 2204 444 2256 et
467 2195 553 2255 docta
576 2211 717 2255 resonare
739 2193 862 2274 bipenni

129 2282 231 2365 litora3
253 2286 312 2344 iam
334 2287 424 2364 pinus
447 2283 550 2362 gracili
572 2283 737 2344 dissoluere
760 2283 857 2344 lamna

129 2371 318 2452 Thespiaden
339 2372 482 2452 iungique
505 2372 582 2432 latus
605 2371 745 2450 lentoque
765 2390 909 2452 sequaces

128 2460 238 2521 molliri
261 2461 345 2522 uidet
366 2462 434 2540 igne
457 2458 571 2541 trabes,
594 2463 744 2540 remisque
767 2464 878 2542 paratis
1095 2468 1143 2521 ma

129 2548 246 2610 Pallada
268 2550 394 2611 uelilero
418 2557 612 2628 quaerentem
634 2549 755 2611 brachia
777 2551 863 2611 malo.

129 2641 265 2700 constitit
287 2646 334 2720 ut,
355 2638 444 2718 longo
467 2638 561 2700 moles
584 2657 644 2701 non
667 2641 772 2719 peruia
794 2648 895 2720 ponto,

129 2730 239 2807 puppis
263 2737 292 2788 et
314 2735 348 2787 ut
370 2734 477 2789 tenues
500 2727 619 2789 subiere
643 2728 764 2789 latentia
787 2746 872 2790 cerae

128 2815 253 2896 lumina,
276 2818 410 2894 picturae
433 2819 533 2877 uarios
552 2817 724 2895 superaddit
746 2818 885 2878 honores.

128 2902 178 2964 hic
203 2912 320 2984 sperata
338 2904 389 2964 diu
411 2904 558 2984 Tyrrheni
577 2912 695 2983 tergore
718 2907 808 2984 piscis
1087 2914 1143 2967 ,130

128 2990 235 3053 Peleos
253 2995 284 3053 in
307 2992 452 3054 thalamos
475 2993 595 3055 uehitur
617 2994 734 3075 Thetis;
758 3012 888 3074 aequora
911 2992 1033 3075 delphin

130 3083 267 3162 corripit,
291 3083 355 3161 ipsa
378 3082 462 3144 sedet
485 3083 599 3144 deiecta
621 3085 653 3144 in
675 3082 787 3145 lumina
809 3084 885 3163 palla

19 3240 22 3249 Ι
128 3168 278 3230 neolone
302 3173 445 3232 maiorem
468 3174 550 3232 nasci
572 3173 703 3252 suspirat
724 3171 866 3234 Achillen.

128 3257 206 3318 hanc
228 3258 346 3340 Panope
371 3260 505 3340 Dotoque
530 3278 615 3322 soror
638 3260 803 3341 laetataque
826 3262 920 3323 fluctu

127 3350 322 3428 prosequitur
344 3349 445 3411 nitidis
468 3351 579 3429 pariter
603 3348 721 3412 Galatea
743 3351 872 3432 lacertis,
1092 3356 1141 3413 1³5

128 3443 213 3497 antra
235 3446 354 3520 petens3
378 3437 482 3515 Siculo⁸
501 3447 623 3500 reuocat
646 3439 682 3501 de
705 3440 792 3501 litore
816 3439 949 3520 Cyclops.

116 3532 225 3585 contra
244 3528 328 3605 ignis
352 3527 504 3611 uiridique
527 3536 614 3592 torus
636 3528 674 3590 de
696 3529 803 3591 honde
826 3530 976 3609 dapesque
