2384 3878
323 200 616 257 ARGONAUTIGON
634 201 743 257 hisnu
761 202 808 258 Vl.
1007 203 1070 268 109

55 373 113 418 nec
135 352 241 433 procul
265 350 398 412 albentes
423 353 540 429 gemina
563 351 633 413 ierit
656 352 756 431 aclyde
778 369 904 433 parmas,

56 443 177 507 hiberni
200 443 252 521 qni
274 447 359 518 terga
381 439 461 500 Noae
484 440 673 520 gelidumque
697 444 797 503 securi
1022 455 1072 505 loo

56 534 137 596 eruit
161 539 191 591 et
214 537 276 591 tota
298 547 360 590 non
382 529 465 590 audit
486 528 613 590 Alazona
635 533 713 611 ripa,

57 639 193 703 quosque
211 619 303 679 Taras
326 620 507 697 niueumque
531 619 613 679 ferax
636 618 791 681 Euarchus
813 619 938 682 olorum.

56 720 87 774 te
111 727 230 790 qnoque
254 709 404 788 uenturis,
426 709 532 786 ingens
555 707 741 789 Ariasmene,
764 709 868 770 saeclis

57 799 245 878 tradiderim,
269 797 377 859 molem
400 795 470 856 belli
492 796 610 875 lateque
634 799 780 859 ferentem

57 889 191 968 undique
214 886 336 947 falcatos
359 885 478 945 deserta
500 904 554 964 per
577 904 706 964 aequora
729 905 846 947 currus.
1022 895 1073 947 105

57 978 228 1057 insequitur
251 975 400 1035 Drancaea
422 973 549 1053 phalanx
572 975 769 1054 claustrisque
792 975 909 1055 profusi

58 1065 233 1147 Caspiadae,
257 1066 324 1142 quis
345 1062 434 1125 turba
457 1082 565 1125 canum
588 1083 648 1125 non
672 1067 792 1143 segnius
816 1082 900 1125 acres

43 1157 142 1227 ‚cxssit
166 1153 202 1214 ad
226 1153 316 1215 lituos
338 1171 512 1232 pugnasque
537 1156 665 1234 capessit
688 1154 784 1215 eriles.

57 1247 126 1308 inde
151 1245 240 1305 etiam
262 1260 315 1321 par
338 1244 442 1302 mortis
465 1241 573 1325 honos,
597 1243 778 1322 tumulisque
801 1244 915 1323 recepti

57 1338 138 1397 inter
160 1351 232 1394 auos
256 1330 421 1408 loculisqne
443 1332 556 1411 uirum,
580 1351 648 1393 nam
670 1340 792 1410 pectora
815 1332 896 1392 ferro
1024 1341 1074 1391 tto

57 1421 270 1499 terribilesque
293 1422 401 1480 innexa
423 1417 508 1478 iubas
531 1423 593 1480 ruit
614 1421 730 1498 agmine
753 1422 839 1498 nigro

58 1513 229 1589 latratuque
253 1509 375 1588 cohorS,
398 1515 510 1586 quanto
533 1517 618 1570 sonat
641 1508 764 1569 horrida
785 1507 860 1569 Ditis

58 1605 147 1664 ianua
170 1599 220 1660 nel
243 1616 367 1677 superas
391 1595 517 1657 Hecates
540 1601 699 1659 comitatus
722 1601 754 1660 in
777 1615 873 1659 auras.

59 1691 143 1752 ducit
166 1687 202 1748 ab
226 1687 370 1766 Hyrcanis
395 1693 479 1746 nates
503 1705 587 1748 sacer
611 1690 726 1766 agmina
748 1686 824 1747 lucis

58 1777 171 1857 Vanus3
195 1794 264 1837 eum
288 1775 423 1854 Scythiae
447 1778 506 1835 iam
528 1778 616 1836 tertia
638 1776 754 1836 uiderat
777 1782 857 1835 aetas
1025 1785 1075 1835 115

58 1867 262 1947 magnanimos
285 1863 398 1943 blinpas
421 1863 576 1943 Argoaque
600 1864 666 1925 nela
689 1871 854 1925 canentem.

58 1957 139 2018 illins
164 1962 193 2015 et
217 1955 293 2014 dites
316 1954 437 2013 monitis
460 1953 677 2032 spondentibus
700 1952 765 2015 lndi

59 2054 90 2108 ct
113 2044 370 2122 centumgeminae
393 2039 489 2120 Lagea
512 2044 629 2105 nonalia
652 2041 770 2103 Thebes

58 2143 181 2213 totaque
204 2132 336 2212 Riphaeo
360 2130 506 2191 Panchaia
528 2141 613 2212 rapta
636 2131 797 2210 triumpho.

60 2222 190 2284 discolor
213 2221 344 2281 hastatas
367 2219 471 2281 effudit
493 2219 614 2282 Hiberia
636 2229 761 2301 turmas·

60 2331 135 2392 qnas
159 2310 281 2391 Otaces,
306 2328 379 2388 quas
401 2307 499 2369 Latris
522 2319 613 2389 agunt
636 2317 666 2371 et
688 2318 791 2389 raptor
814 2325 953 2388 agrorum

60 2400 195 2480 Neurus,
219 2408 249 2460 et
272 2405 411 2478 expertes
434 2403 567 2461 canentis
590 2399 707 2480 lazyges
731 2400 807 2459 aerii.

60 2507 189 2568 namque
212 2487 265 2549 nbi
286 2490 345 2548 iam
366 2489 507 2568 uiresque
529 2509 634 2568 aegrae
656 2496 814 2567 motusque
837 2488 947 2549 refutat

61 2597 150 2640 arcus
174 2586 204 2638 et
227 2580 365 2656 inceptus
388 2579 446 2635 iam
469 2577 570 2639 lancea
592 2579 699 2638 temnit
722 2575 813 2656 erilis,
838 2638 842 2645 ,

59 2668 256 2746 magnanimis
280 2684 344 2725 mos
367 2665 475 2726 ductus
498 2669 575 2747 anis,
598 2665 670 2726 bant
693 2666 796 2742 segnia
818 2664 922 2724 mortis
1023 2672 1074 2725 125

60 2759 127 2817 iura
149 2757 224 2836 pati,
248 2755 352 2815 dextra
375 2754 426 2814 sed
450 2773 535 2815 carae
559 2753 737 2815 occumbere
761 2752 853 2832 prolis

61 2863 134 2906 ense
158 2844 240 2924 dato;
262 2850 464 2922 rumpuntque
487 2863 587 2906 moras
610 2851 757 2922 natusque
780 2858 958 2922 parensque,

62 2933 149 2995 ambo
173 2934 311 3014 animosi,
335 2931 420 2993 ambo
443 2936 545 2995 miseri
568 2942 629 2995 tam
653 2932 781 2994 sortibus
805 2933 887 2992 actis.

61 3021 111 3084 hle
135 3031 165 3083 et
189 3022 310 3083 odorato
335 3025 481 3102 spirantes
505 3026 587 3084 crine
612 3023 707 3083 Siraci

62 3110 266 3190 Cessaeaeque
289 3128 409 3191 mannS,
433 3119 462 3172 et
487 3115 538 3190 qni
561 3121 612 3173 tua
634 3114 737 3190 iugera
760 3109 893 3170 nondum
1028 3120 1079 3170 130

62 3204 162 3283 eruis,
186 3202 296 3280 ignotis
319 3202 421 3260 insons
444 3200 597 3280 Arimaspe
621 3198 755 3261 metallis.

63 3290 172 3351 doctus
197 3296 226 3350 et
249 3289 396 3352 Auchates
419 3290 519 3368 patulo
542 3309 617 3369 uaga
639 3289 759 3349 uincula
782 3306 853 3369 gyro

63 3397 206 3458 spargere
231 3387 261 3439 et
284 3386 431 3440 extremas
453 3380 567 3458 laqueis
591 3379 738 3440 adducere
761 3386 884 3439 turmas.

64 3485 127 3528 non
150 3486 206 3547 ego
229 3469 398 3546 sanguineis
421 3476 586 3548 gestantem
609 3476 747 3549 tympana
765 3466 854 3526 bellis

62 3555 265 3635 Thyrsagetas
289 3559 482 3641 cinctumque
504 3561 595 3643 uagis
615 3565 692 3643 post
709 3565 804 3636 terga
823 3551 925 3614 sucus
1059 3549 1123 3595 &bb
