2384 3878
61 119 124 180 142
406 115 434 170 C.
453 115 590 169 VALERI
607 114 736 170 FLACCI

58 268 209 345 contingat
226 269 281 327 eui
304 265 410 327 deinde
433 258 535 324 moril'
581 265 624 324 sio
646 264 705 323 fata
727 262 861 342 profugit

59 373 151 434 seque
175 353 230 415 sub
253 355 395 415 extremis
417 355 449 413 in
471 354 589 413 moenia
611 351 726 412 rettulit
749 350 872 412 umbris.

101 442 220 503 Etiam
242 445 370 522 puniceo
393 459 495 520 regem
519 458 587 520 spes
611 457 688 501 uana
711 439 767 500 sub
791 448 860 501 ortu

58 530 212 612 extulerat,
236 533 354 609 quantis
377 548 436 590 nox
458 547 518 590 una
540 529 694 589 diremerit
716 528 805 589 undis
1019 541 1074 593 545

57 619 238 701 Aesoniden,
261 619 376 680 liherne
400 619 477 679 freto
500 619 559 678 iam
581 617 684 679 uultus
708 619 811 696 aperto

35 714 149 785 utque
172 710 257 786 prius
280 715 379 768 tutum
402 707 486 768 sileat
508 724 598 767 mare.
644 704 774 784 dumque
799 722 833 765 ea
856 704 941 784 longe

58 795 212 873 explorare
235 804 327 878 meat,
350 803 454 857 contra
476 797 561 856 uenit
583 794 674 855 Arcas
696 793 812 854 Echion

57 881 136 944 dicta
158 884 272 966 ferens,
295 887 354 944 iam
377 883 506 944 Circaeis
528 883 672 944 Mauortis
695 885 726 943 in
749 883 827 961 agris

57 980 135 1032 stare
159 975 273 1053 uirum,
298 972 382 1032 daret
404 971 559 1050 aeripedes
580 974 613 1032 in
635 969 748 1050 proelia
766 977 879 1031 tauros.
1018 983 1073 1033 545

58 1054 108 1120 ‘en
130 1078 224 1121 uocor
248 1078 285 1120 en
307 1054 399 1120 ultro'
423 1059 497 1120 dixit
520 1060 648 1139 spesque
671 1057 782 1120 addidit
805 1058 873 1122 alas.

58 1143 125 1208 ‘uos
147 1148 220 1208 mihi
242 1166 322 1209 nunc
345 1149 476 1227 primum
496 1150 530 1208 in
552 1147 684 1209 flammas
707 1149 863 1229 inuertite‚
886 1149 974 1230 tauri,

57 1254 199 1317 aequora,
217 1255 298 1297 nunc
320 1244 399 1298 totos
423 1237 535 1316 aperite
559 1245 590 1297 et
611 1235 725 1298 uoluite
748 1235 866 1296 1155155.

58 1333 142 1385 exeat
164 1323 326 1386 Haemonio
349 1329 456 1386 messis
479 1325 669 1386 memoranda
692 1322 806 1406 colono,

57 1420 148 1491 tuque
172 1421 257 1474 tuum
279 1416 357 1493 patri
378 1415 410 1472 in
434 1413 555 1474 Graium
578 1414 627 1495 da,
650 1421 732 1495 nata,
755 1412 922 1473 draconem.
1017 1424 1071 1476 555

55 1502 143 1561 istius
166 1509 289 1581 aspectu
311 1509 427 1582 pereat,
449 1520 487 1561 ne
510 1501 623 1562 uellera
645 1510 675 1562 et
697 1504 761 1581 ipsa

57 1607 129 1650 aura
151 1589 224 1650 mihi
247 1589 328 1651 diros
351 1598 477 1650 seruent
496 1591 607 1651 inlecta
630 1584 775 1651 cruores?

56 1677 137 1738 fatur
160 1685 190 1738 et
214 1679 316 1738 eiiusis
338 1679 429 1758 pandi
450 1677 535 1740 iubet
558 1697 687 1758 aequora
710 1680 814 1739 tauris.

56 1783 125 1842 pars
148 1773 179 1826 et
200 1765 337 1826 Echionii
360 1765 490 1827 subeunt
511 1769 638 1827 inmania
663 1768 761 1828 dentis

57 1855 184 1935 semina,
207 1871 276 1933 pars
300 1854 357 1914 diri
379 1862 500 1933 portant
523 1873 614 1934 graue
637 1854 731 1915 robur
754 1845 853 1915 aratri.
1019 1866 1073 1917 555

56 1949 86 2000 51
109 1960 162 2002 555
185 1945 405 2021 magnanimum
427 1950 531 2003 contra
547 1942 694 2023 Pagasaea
716 1945 859 2004 iuuentus

55 2032 249 2108 prosequitur
273 2033 421 2110 stipatque
444 2031 565 2113 duoem3
588 2040 652 2093 tum
676 2034 800 2093 maxima
824 2032 950 2111 qtdsque

56 2116 135 2177 diota
158 2119 240 2178 dedit
262 2121 418 2198 saeuisque
440 2121 546 2198 procul
569 2121 698 2181 decessit
721 2119 757 2180 ab
781 2122 867 2198 agris.

55 2205 160 2266 fixerat
181 2206 231 2266 ille
254 2207 362 2285 gradus
385 2215 508 2287 totoque
531 2227 568 2268 ex
590 2211 706 2287 agmine
718 2207 811 2268 solus

56 2292 165 2369 stabat,
189 2302 223 2355 51
246 2297 388 2356 extremis
410 2294 530 2356 deserta
553 2295 608 2357 suh
632 2295 755 2356 orbibus
778 2294 875 2377 arbos,
1017 2307 1072 2359 555

57 2399 145 2460 quam
166 2384 225 2444 iam
248 2382 325 2444 lassa
348 2384 411 2445 dies
435 2386 589 2463 austrique
613 2384 745 2446 ardentis
767 2384 906 2466 harenae,

56 2477 107 2530 aut
129 2488 217 2549 quam
240 2471 385 2552 Riphaeas
409 2480 558 2534 extantem
582 2488 687 2534 sursus
711 2473 746 2534 ad
770 2490 854 2533 arces

55 2560 106 2617 nix
129 2566 159 2619 et
182 2559 311 2620 caerulei
332 2560 445 2622 Boreae
468 2562 552 2622 lerus
575 2560 858 2642 ahstulit'horror3'

55 2664 124 2706 cum
147 2646 246 2708 subito
270 2651 387 2709 attoniti
409 2649 580 2736 longissima
601 2649 736 2711 Phasidis
760 2649 839 2710 unda

56 2733 279 2815 Caucaseaeque
303 2735 403 2797 trabes
426 2739 582 2816 omnisque
605 2737 708 2799 Aeetia
729 2736 819 2798 tellus
1015 2748 1069 2799 555

55 2822 140 2883 151511
162 2833 193 2885 51
215 2825 353 2886 ardentes
376 2824 491 2886 stabula
514 2826 646 2887 effudere
670 2825 818 2887 tenebras.

54 2928 89 2971 ac
111 2910 196 2972 uelut
218 2932 255 2972 ex
277 2931 337 2974 una
359 2915 504 2992 siquando
527 2914 606 2976 nube
630 2918 749 2976 corusci

54 3001 98 3058 ira
120 2997 203 3073 louis
224 3003 313 3061 torsit
335 3005 469 3080 geminos
492 3003 666 3065 mortalibus
688 3006 783 3083 ignes,

55 3092 105 3145 aut
128 3086 186 3148 duo
210 3107 279 3150 oum
301 3092 414 3168 pariter
436 3099 585 3171 ruperunt
607 3091 726 3152 uincula
749 3093 833 3152 55511

55 3173 184 3254 dantque
208 3177 320 3255 lugam:
344 3181 387 3239 sic
410 3186 482 3240 tuno
506 3179 643 3240 claustris
666 3182 762 3241 euasit
784 3187 912 3259 uterque
1016 3190 1071 3242 575

42 3267 152 3320 taurus
171 3272 207 3323 et
225 3267 342 3327 mmani
361 3267 505 3348 proilauit
526 3267 647 3331 turbine
669 3268 801 3328 dammas

20 3343 158 3428 arduae·
179 3358 275 3432 atque
300 3364 387 3420 atros
413 3359 548 3423 uoluunt
570 3358 714 3423 incendia
733 3357 855 3417 1155155.

8 3433 134 3492 orrzrrt
154 3437 284 3520 Argoae
309 3447 398 3532 legio
422 3453 518 3536 ratis,
543 3451 674 3513 horruit
695 3445 797 3508 55555
