2384 3878
245 154 247 159 ⁵
346 201 639 262 nacouaurroon
657 204 806 262 11111111.
1062 211 1083 275 3

62 407 66 412 .
154 352 222 414 Mox
245 355 327 416 taciti
349 360 473 433 patuere
497 353 556 415 doli
578 371 634 416 nec
658 355 770 416 uellera
793 373 882 417 curae

64 460 132 504 esse
155 444 236 524 uiro,
260 443 313 505 sed
331 460 397 504 sese
422 442 497 504 odiis
520 445 659 504 immania
678 445 744 524 cogi
1048 457 1082 510 65

62 535 96 594 iu
115 532 200 595 freta.
238 549 297 612 qua
319 533 417 593 iussos
441 540 578 592 scrutans
601 541 666 593 tum
689 550 835 612 quaerere
859 533 985 595 Colchos

63 629 128 683 arte
152 628 254 704 queat,
277 638 358 683 nrrnc
381 623 453 681 aerii
475 621 620 701 plantaria
643 621 734 684 uellet

62 710 191 771 Perseos
215 717 267 771 aut
290 727 397 771 currus
421 718 452 770 et
475 729 550 789 quos
574 711 707 772 frenasse
730 712 875 772 dracones

63 799 212 881 creditur,
235 801 352 878 ignaras
376 797 494 859 Cereris
514 801 566 878 qui
589 817 711 861 uomere
736 808 833 861 terras

62 887 171 949 imbuit
195 887 323 950 ct‘llaua
346 905 492 967 quercum
515 889 666 949 damnauit
690 891 789 950 arista.
1048 903 1081 953 70

62 977 122 1039 heu
147 977 218 1058 quid
242 972 329 1057 agat?
351 976 533 1058 populumne
557 976 656 1039 leuem
678 979 835 1057 ueterique
855 986 980 1056 tyranno

61 1067 214 1127 infensum
237 1066 333 1146 adque
357 1065 428 1126 olim
450 1067 627 1128 miserantes
650 1067 765 1127 Aesona
787 1073 888 1147 patres

63 1149 213 1217 aduocat?
235 1173 272 1216 au
291 1157 372 1216 socia
394 1154 507 1216 lunone
530 1164 561 1217 et
583 1154 701 1217 Pallade
725 1156 821 1216 hctus

62 1245 212 1306 arnrisona
234 1252 336 1325 speret
358 1246 451 1323 magis
475 1252 506 1305 et
528 1245 604 1306 freta
626 1246 707 1305 iussa
730 1251 874 1326 capessat,

61 1334 148 1412 siqua
171 1335 271 1414 operis
294 1335 369 1395 tanti
392 1333 503 1395 domito
527 1351 710 1412 consurgere
733 1340 824 1413 ponto
1044 1345 1078 1395 ⁷5

62 1423 140 1484 lama
163 1418 275 1502 queat?
298 1431 330 1484 tu
354 1421 417 1482 sola
440 1425 553 1484 animos
576 1431 752 1502 mentesque
775 1423 904 1502 peruris,

62 1509 174 1573 Glorial
198 1520 228 1574 te
251 1510 380 1573 uiridem
402 1512 486 1572 uidet
507 1513 730 1590 immunemque
754 1519 891 1572 senectae

59 1599 197 1662 Phasidis
219 1600 251 1662 in
274 1602 339 1681 ripa
362 1607 490 1661 stantem
511 1603 698 1680 iuuenesque
721 1607 887 1661 uocantem.

61 1689 182 1751 tandem
204 1691 295 1751 animi
316 1692 467 1752 incertum
491 1692 673 1770 confusaque
696 1697 819 1771 pectora
842 1689 940 1751 firmat

61 1776 192 1860 relligio,
213 1780 400 1858 tendensque
423 1781 487 1860 pias
511 1781 547 1840 ad
570 1781 669 1840 sidera
690 1779 802 1859 palmas
1044 1789 1078 1838 ao

64 1863 264 1948 ‘omnipotens
286 1863 408 1950 regina',
430 1870 536 1950 inquit,
558 1862 669 1948 ‘quam,
692 1867 830 1928 turbidus
853 1873 918 1926 atro

61 1956 182 2018 aethere
206 1956 376 2019 caeruleum
399 1964 536 2036 quateret
559 1975 628 2018 cum
650 1957 784 2036 luppiter
807 1953 943 2038 imbrem,

60 2047 125 2125 ipse
149 2063 203 2125 ego
226 2047 383 2127 praecipiti
405 2047 553 2109 tumidum
575 2065 629 2126 per
652 2045 766 2125 Enipea
788 2042 889 2104 nimbo

60 2135 92 2196 in
116 2151 236 2215 campos
260 2144 290 2197 et
312 2142 375 2196 tuta
399 2135 454 2196 tuli
477 2153 534 2196 neo
557 2135 680 2196 credere
706 2135 790 2212 quim

60 2231 129 2285 ante
153 2224 252 2305 deam,
275 2242 364 2304 quam
386 2232 416 2284 te
440 2227 554 2285 tonitru
577 2233 712 2303 nutuque
736 2223 856 2302 reposci
1042 2233 1077 2283 85

60 2314 197 2392 coniugis
221 2321 252 2373 et
274 2312 373 2374 subita
395 2320 510 2394 raptam
532 2313 690 2373 formidine
714 2312 786 2392 uidi,

60 2400 96 2462 da
122 2399 272 2481 Scythiam
294 2401 472 2481 Phasimque
497 2402 582 2483 mihi3
605 2410 711 2483 tuque,
735 2399 846 2461 innuba
868 2397 973 2483 Pallas,

60 2490 143 2570 eripe
167 2507 223 2551 me.
269 2492 381 2552 uestris
404 2500 522 2570 egomet
544 2500 608 2553 tum
631 2491 744 2552 uellera
766 2487 884 2569 templis
988 2537 994 2549 .

59 2579 108 2640 illa
132 2577 220 2660 daho;
245 2578 326 2641 dabit
349 2583 461 2640 auratis
484 2589 515 2642 ct
537 2580 679 2641 cornibus
702 2581 764 2640 ictu

59 2666 134 2730 colla
156 2676 242 2748 pater
265 2670 405 2747 uiueique
430 2687 536 2748 greges
560 2668 661 2728 altaria
684 2661 817 2745 tingant!
1039 2677 1074 2728 90

149 2757 299 2838 Accepere
323 2756 394 2818 deae
419 2757 569 2835 celerique
591 2775 646 2836 per
670 2755 790 2816 aethera
812 2753 898 2834 lapsu

59 2845 195 2907 burenses
217 2847 331 2926 petiere
355 2847 428 2907 uias.
474 2848 505 2906 in
528 2847 645 2905 moenia
667 2847 773 2924 pernix

60 2933 224 3015 Thespiaca
243 2934 279 2996 ad
303 2953 406 2996 carum
428 2935 563 2997 Tritonia
586 2934 706 2995 deuolat
727 2934 847 3013 Argum.

58 3023 158 3084 moliri
180 3023 261 3084 hrrnc
283 3043 415 3104 puppem
437 3023 521 3085 iubet
543 3031 575 3085 ct
596 3023 752 3084 demittere
772 3023 852 3082 lerro

57 3110 181 3194 robora,
203 3111 335 3173 Peliacas
358 3121 389 3174 et
410 3114 469 3173 iam
493 3131 592 3174 comes
616 3113 676 3173 exit
699 3114 729 3171 in
753 3109 882 3171 rmabras.
1040 3123 1075 3172 95

58 3208 88 3261 at
110 3201 185 3263 luno
209 3200 359 3282 Argolicas
381 3203 494 3282 pariter
516 3201 722 3279 Macetumque
746 3218 801 3278 per
823 3196 915 3259 urbes

58 3292 172 3370 spargit
193 3292 365 3370 inexpertos
389 3297 534 3371 temptare
557 3289 731 3371 parentibus
755 3295 872 3348 austros

58 3377 242 3461 Aesoniden,
264 3381 324 3440 iam
347 3388 427 3441 stare
449 3388 546 3440 ratem
568 3381 719 3458 remisque
743 3375 902 3457 superbam

57 3485 183 3548 poscere
207 3486 341 3549 quosque
364 3469 455 3531 uehat
477 3467 627 3548 rebusque
650 3471 682 3529 in
706 3467 804 3529 sidera
826 3465 919 3528 tollat.
1036 3525 1040 3530 .

147 3556 251 3618 Omnis
272 3557 356 3620 adest
380 3575 456 3639 quae
479 3560 540 3623 iam
561 3557 653 3623 bellis
677 3565 881 3642 spectataque
898 3554 991 3614 lama
1043 3556 1108 3602 aab

859 3654 898 3710 x!
