2384 3878
327 200 620 256 ARGONAUTICON
638 202 748 257 LIBER
766 203 826 258 VII.
1045 206 1107 270 129

90 352 117 409 si
139 356 239 410 tamen
262 349 309 408 his
332 349 417 410 aliter
440 357 556 428 perstas
579 367 639 410 non
663 351 770 412 cedere
793 353 893 432 terris,

92 446 183 516 teque
206 437 303 517 pudor
326 439 403 498 cassi
425 437 541 498 reditus
564 447 678 519 mouet,
702 457 736 500 ac
758 438 830 500 latet
852 458 911 501 uua

90 527 192 587 nescio
216 524 287 606 quid
310 525 378 605 plus
400 544 499 607 puppe
523 528 611 607 uiriS,
633 526 711 588 haud
734 531 798 607 ipsa
821 527 959 589 morabor
1072 542 1106 592 60

91 632 166 692 quae
189 616 304 695 petitis3
328 613 415 675 modo
437 622 540 675 nostra
562 617 646 693 prior
668 624 702 677 tu
725 617 836 696 perfice
859 618 949 678 iussa.

89 701 214 763 Martius
237 710 305 764 ante
329 701 435 763 urbem
457 702 553 781 longis
576 704 652 763 iacet
675 704 815 765 horridus
838 707 924 767 aunis

90 808 226 872 campus,
249 801 280 852 et
302 791 440 852 ardentes
464 808 569 851 acme
592 808 711 870 quoque
735 793 857 854 uolnere
880 811 1008 875 presso,

89 896 137 940 me
161 897 280 959 quoque
303 886 478 940 cunctantes
500 879 653 940 interdum
675 898 835 958 agnoscere
858 884 945 943 tauri.

89 966 135 1027 his
159 969 252 1047 magis
274 967 370 1047 adque
393 969 486 1047 magis
508 965 622 1027 rabiem
645 985 725 1028 nunc
748 976 849 1030 nostra
872 978 1022 1031 senectus
1070 983 1105 1034 65

42 1098 46 1102 x
88 1054 297 1136 luxuriemque
320 1054 414 1137 dedit,
438 1056 584 1134 solitoque
608 1055 765 1136 superbior
788 1059 865 1136 ignis

89 1161 141 1204 ore
166 1145 274 1206 fremit.
320 1145 447 1205 succede
470 1161 567 1226 meae,
590 1145 766 1227 fortissime,
789 1145 877 1227 laudi,

88 1240 119 1292 ct
142 1241 262 1293 nostros
285 1232 399 1314 recole,
422 1233 546 1313 hospes,
570 1251 665 1313 agros.
710 1253 766 1295 nec
790 1237 903 1296 semina
927 1235 1045 1317 derunt,

89 1338 164 1399 quae
187 1323 272 1400 prius
294 1323 358 1400 ipsc
382 1320 500 1401 dabam,
523 1328 553 1382 et
575 1339 703 1402 messes,
726 1340 800 1401 quas
823 1322 905 1384 solus
928 1322 1055 1385 obibam.

89 1409 221 1470 consiliis
243 1427 303 1469 nox
325 1426 385 1469 uua
408 1411 492 1489 satis,
515 1416 674 1488 tecumque
698 1417 828 1471 retracta
1070 1427 1104 1476 το

88 1515 217 1576 cumque
240 1500 300 1558 tuis
322 1497 396 1557 haee
418 1499 499 1558 iussa
522 1495 599 1578 deis,
622 1514 656 1558 ac
680 1499 778 1577 siquid
800 1500 832 1558 in
855 1501 913 1561 isto
936 1508 983 1560 est

87 1584 211 1667 robore,
233 1584 378 1665 praedicti
400 1587 504 1647 uenies
526 1588 558 1646 in
581 1604 651 1646 rura
674 1586 792 1649 laboris.

87 1675 152 1753 ipse
175 1675 308 1736 incertus
332 1673 440 1756 adhuc,
464 1673 596 1735 tenebris
618 1683 649 1735 te
672 1678 809 1754 protinus
831 1675 890 1736 illis

88 1761 204 1823 inuolui
226 1761 411 1841 flammisque
434 1762 539 1843 uelim,
562 1762 670 1823 dirrare
693 1782 854 1843 parumper

87 1868 125 1910 an
148 1853 250 1932 magis,
273 1868 380 1912 euerso
403 1852 492 1911 iacias
516 1851 587 1911 dum
610 1854 723 1911 semina
741 1870 854 1933 campo,
1068 1866 1102 1917 75

88 1932 122 1999 ac
145 1938 201 2000 tibi
224 1938 343 2000 Cadmei
366 1940 438 2001 dum
460 1937 601 2000 dentibus
624 1948 710 2001 exeat
731 1939 817 2020 hydri

88 2026 173 2088 miles
197 2035 227 2088 et
249 2035 360 2089 armata
382 2027 541 2089 florescant
563 2028 642 2108 pube
665 2023 808 2090 nouales.'

132 2115 205 2176 Filia
227 2118 322 2195 prima
344 2119 439 2177 trucis
462 2134 568 2178 uocem
590 2119 696 2178 mirata
719 2119 835 2197 tyranni

87 2202 183 2264 haesit
206 2212 236 2265 et
259 2205 295 2264 ad
318 2207 459 2264 iuuenem
481 2205 620 2284 pallentia
642 2205 758 2266 rettulit
780 2223 832 2265 ora

88 2295 329 2372 contremuitque
344 2299 448 2374 metu,
470 2312 508 2354 ne
531 2295 651 2354 nescius
674 2293 779 2354 audeat
801 2293 910 2373 hospes
1067 2307 1103 2360 80

88 2399 181 2460 seque
205 2383 296 2442 miser
320 2399 356 2442 ne
379 2400 467 2462 posse
490 2390 584 2462 putet.
629 2384 846 2461 perstrinxerat
868 2381 976 2444 horror

87 2470 187 2548 ipsum
210 2472 299 2530 etiam
322 2477 352 2530 et
375 2478 486 2532 maesta
509 2470 605 2532 stabat
627 2470 742 2532 defluus
764 2473 795 2531 in
817 2474 870 2533 ira.

87 2576 148 2619 non
171 2561 212 2618 ita
234 2556 408 2638 Tyrrhenus
431 2565 531 2638 stupet
553 2558 714 2636 loniusque
737 2561 888 2637 magister,

89 2649 140 2725 qui
162 2649 221 2706 iam
243 2653 282 2727 te,
305 2644 455 2727 Tiberine,
478 2653 566 2707 tuens
589 2645 762 2725 clarumque
781 2664 887 2707 sereno

86 2752 140 2794 axe
164 2735 278 2814 pharon
300 2752 428 2814 prensus
451 2734 550 2796 subito
573 2752 721 2812 nusquam
743 2737 832 2815 ostia,
855 2752 1003 2814 nusquam
1066 2750 1101 2801 8⁶

87 2821 248 2884 Ausoniam
270 2823 366 2905 uidet,
389 2831 419 2884 at
442 2841 546 2884 saeuas
569 2823 711 2884 accedere
736 2822 847 2903 Syrtes.

88 2918 152 2972 turn
176 2918 288 2992 tamen,
311 2911 432 2972 inlaudc
456 2931 531 2992 quae
555 2913 605 2973 det
627 2931 770 2992 responsa
793 2920 928 2992 tyranno,

88 2999 200 3078 colligit
223 3008 253 3060 et
276 3000 396 3060 tandem
419 3000 526 3061 obtutu
549 3004 703 3080 consurgit
726 3000 762 3062 ab
784 3001 851 3061 alto.

87 3082 171 3148 ‘non'
195 3090 236 3148 ait
259 3083 324 3147 ‘hos
347 3089 475 3169 rediture,
499 3107 558 3149 non
581 3089 671 3170 hanc,
695 3088 799 3170 Aeeta,
823 3085 930 3149 dedisti
1029 3126 1033 3133 ·

87 3194 172 3255 spern
194 3174 312 3257 Minyis,
335 3195 404 3237 cum
426 3179 522 3256 prima
544 3180 605 3238 tuis
627 3194 682 3256 pro
705 3177 861 3238 moenibus
884 3195 965 3238 arma
1065 3192 1099 3242 90

86 3264 247 3325 induimus.
293 3282 351 3344 quo
375 3283 464 3326 uersa
487 3262 582 3326 fides?
604 3284 679 3345 quos
702 3273 804 3326 nestra
826 3264 963 3327 uolutant

86 3355 168 3412 iussa
192 3348 297 3412 dolos?
320 3353 409 3415 alium
432 3352 480 3414 hic
503 3353 617 3436 Pelian,
641 3355 695 3415 alia
719 3372 847 3433 aequora
871 3372 970 3418 cerno.

87 3443 160 3519 quin
184 3442 261 3520 agite
283 3440 340 3502 hoc
363 3461 466 3504 omnes
491 3441 625 3522 odiisque
649 3450 754 3522 urgete
777 3443 896 3521 tyranni

86 3530 280 3608 imperiisque
304 3540 406 3615 capnt3
428 3549 595 3614 numquam
614 3531 695 3593 mihi
715 3527 928 3592 hestera'nec
947 3545 1045 3602 spes=

135 3637 185 3679 Vel,
199 3637 305 3682 Maccus.
906 3632 929 3678 ‘b
