2384 3878
481 209 532 263 AD
552 208 618 264 LIB.
638 209 658 262 I.
994 205 1072 262 XVII

59 360 186 420 uulnere
213 357 355 417 laborans
385 376 425 416 an
446 377 519 417 uero
542 358 727 428 temulentus
754 357 864 433 parieti
891 376 923 417 se
947 357 1071 417 acclina-

56 449 139 509 usrit
159 465 220 507 non
243 446 413 506 accuratius
436 447 600 506 anarrauit.
704 475 706 478 >

147 537 210 594 149
241 534 311 594 boec
341 553 518 608 eamcam
557 535 696 594 miracola
726 535 802 594 aab
833 538 928 608 sape:
957 531 1071 593 Aesone

55 630 152 687 aolus
206 624 324 682 frustra
359 624 433 682 haec
469 624 564 682 uerba
601 622 735 682 defendit
771 622 861 682 Thilo
899 619 1007 698 [praef.
1042 642 1072 698 p.

55 709 212 787 xxxnss.
239 730 310 770 nam
333 711 412 787 quod
435 712 578 787 stupendi
599 712 693 771 uerbo
714 711 868 770 notionem
892 704 1073 770 ‘adtonitum

59 795 138 863 esse'
171 800 295 860 subesse
327 799 414 876 dicit,
447 801 560 860 oblitus
591 803 639 860 est
670 799 786 866 Valerii
821 818 910 859 nsum
947 799 1072 859 dicendi.

59 891 111 966 qui
145 883 279 971 ‘stupere
313 881 363 947 ad'
392 889 444 948 uel
475 882 566 965 ‘stup
596 882 639 946 in'
672 889 747 947 dixit
778 887 818 947 ad
849 887 1073 964 exprimendam

56 997 126 1038 eam
156 995 247 1054 quam
279 976 368 1036 Thilo
400 976 430 1036 h.
462 976 482 1035 l.
516 977 642 1054 agnouit
677 977 831 1037 notionem
863 973 914 1050 [cf.
946 976 962 1034 1
995 978 1072 1052 262;

57 1067 103 1126 Ν
128 1068 209 1142 712;
235 1066 264 1122 V
296 1062 389 1141 375];
423 1059 557 1140 ‘stupere
590 1058 716 1141 aliquid'
748 1065 825 1124 nihil
855 1065 915 1124 nisi
944 1058 1072 1124 ‘mirari’

57 1153 219 1232 significat.
274 1154 346 1229 quid
379 1156 481 1212 autem
512 1157 576 1213 tam
608 1153 707 1213 dirum
742 1154 796 1212 illa
831 1153 918 1213 nauis
954 1153 1087 1234 pictura

56 1243 165 1304 habuit
190 1245 227 1301 ut
255 1243 299 1302 eis
321 1242 477 1301 adtonitus
500 1242 678 1302 redderetur
704 1241 814 1302 Iason?
841 1242 944 1318 itaque
971 1241 1073 1300 nullus

56 1331 165 1392 dubito
198 1331 271 1407 quin
302 1330 421 1390 librarii
447 1331 571 1390 offucias
602 1331 730 1391 fecerint
761 1332 878 1406 poetae.
929 1330 981 1407 qui
1012 1348 1074 1390 non

58 1420 160 1496 potuit
172 1419 232 1480 nisi
253 1419 328 1479 haec
349 1419 414 1478 fere
437 1419 581 1479 scribere:
604 1419 739 1495 picturas
758 1418 828 1479 illas
846 1419 918 1478 licet
936 1411 1074 1493 pulcher·

24 1553 26 1557 .
58 1509 152 1568 rimas
174 1508 254 1567 nihil
272 1509 362 1584 plane
385 1503 508 1567 curasse
525 1507 666 1567 Iasonem
686 1509 793 1583 utpote
816 1508 896 1568 curis
919 1507 1073 1567 iactatum.

57 1596 217 1657 emendaui
248 1597 351 1672 itaque
380 1590 465 1655 ‘baso
492 1615 674 1672 quamquam
705 1596 843 1656 miranda
871 1596 948 1655 nihil
971 1598 1075 1671 stupet

58 1685 179 1746 Aesone
200 1678 312 1745 natus'.

149 1775 211 1834 152
234 1792 307 1835 uam
328 1773 508 1833 Sabellicus:
533 1767 634 1833 ‘nunc’
657 1773 693 1834 V.

151 1863 213 1921 156
236 1865 358 1922 mureti
380 1862 499 1938 scripsi:
522 1865 639 1922 occasii
659 1863 696 1922 V.
962 1888 966 1893 -

150 1951 213 2009 174
235 1967 414 2024 propassus
434 1967 487 2010 rec
503 1952 597 2024 sucro
618 1953 725 2010 mmm.
772 1944 831 2010 ‘sac
854 1951 949 2010 mullo
963 1955 1074 2025 porcio

59 2057 120 2114 eqs.
165 2056 224 2098 non
250 2042 353 2115 potest
376 2038 537 2099 absurdius
563 2038 639 2116 fingi
665 2039 718 2099 illo
748 2032 809 2098 ‘sat
835 2032 953 2099 multa'.
998 2057 1069 2098 nam

58 2130 112 2186 aut
133 2145 195 2187 una
216 2130 300 2188 certa
321 2146 370 2187 res
394 2130 448 2186 aut
469 2127 570 2187 omnia
596 2128 628 2187 in
649 2128 876 2204 nauigationem
901 2127 1074 2187 necessaria

57 2219 92 2274 ut
123 2217 305 2291 pararentur
337 2216 438 2291 potuit
468 2216 573 2275 iubere
604 2215 744 2276 Acastus.
795 2219 827 2275 st
858 2217 893 2275 ut
923 2216 1072 2275 traditum

58 2295 179 2362 ‘multa'
207 2321 262 2378 per
294 2322 326 2364 se
348 2304 614 2381 languidissimum
636 2307 699 2381 est,
726 2305 771 2363 ita
798 2304 901 2364 addito
923 2304 977 2364 illo
1001 2297 1073 2365 ‘sat'

60 2393 151 2468 plane
182 2391 218 2450 fit
252 2391 452 2452 intolerabile.
507 2411 576 2452 cum
612 2393 640 2451 V
675 2393 779 2453 tradat
817 2386 912 2470 ‘stat',
950 2391 1072 2453 Valerio

10 2516 12 2525 ·
57 2481 177 2540 reddidi
200 2473 351 2558 ‘uirumst
375 2475 428 2540 at'.
474 2481 581 2541 deinde
609 2501 665 2558 pro
689 2474 809 2541 ‘multa'
836 2481 867 2540 id
900 2481 980 2558 quod
1009 2500 1074 2542 sen·

57 2569 156 2628 tentia
177 2568 298 2645 flagitat
321 2563 451 2630 ‘cuncta'
473 2571 603 2646 reposui.
787 2583 790 2587 ’

150 2657 213 2717 183
237 2661 358 2732 rapidos
381 2659 500 2734 scripsi:
524 2660 627 2718 auidos
648 2659 676 2715 V
699 2660 809 2734 inepte.

151 2746 213 2804 199
237 2751 305 2805 ocal
326 2747 419 2807 codex
440 2747 588 2806 Harlesii:
612 2750 708 2805 toraca
736 2746 769 2805 V.

51 2847 58 2876 τ
151 2834 213 2892 206
239 2837 363 2895 osceodc’t
383 2835 539 2895 Heinsius:
564 2836 708 2895 secema
729 2834 766 2894 V.

22 2980 25 2985 .
51 2934 57 2959 ‘
150 2922 212 2980 213
246 2924 341 2982 secem
372 2923 491 2999 scripsi:
529 2925 618 2998 lcpcm
648 2922 677 2980 V
712 2924 806 2982 nimia
836 2922 1004 2998 breuitate:
1035 2922 1072 2980 cf.

148 3100 212 3158 223
236 3117 321 3173 qaam
343 3102 452 3160 circum
472 3101 583 3160 uellera
600 3100 731 3159 Martem
753 3101 883 3174 aspicio?
904 3099 1073 3160 rectissimo

58 3205 133 3247 usus
156 3187 266 3247 iudicio
289 3188 364 3248 haec
385 3189 418 3248 in
441 3189 644 3264 suspicionem
657 3188 778 3247 uocauit
800 3188 976 3265 Meynckius
1002 3185 1031 3262 [Ι
1044 3208 1072 3263 p.

59 3275 101 3335 33
127 3273 194 3352 sq.].
223 3277 308 3336 cuius
322 3281 502 3354 argumenta
524 3296 584 3337 non
606 3276 694 3336 credo
716 3277 781 3336 fore
804 3278 841 3336 ut
862 3277 930 3352 quis
944 3276 1073 3336 refellat.

59 3364 195 3424 eiusdem
217 3368 320 3424 tamen
342 3366 545 3426 coniecturam
572 3366 644 3426 licet
665 3365 855 3442 ingeniosam
877 3358 969 3441 ‘quod
994 3364 1074 3423 circa

58 3453 176 3512 uellera
198 3447 378 3514 monstrum’
405 3458 466 3514 non
492 3473 617 3530 possum
645 3455 776 3531 probare
801 3457 975 3530 propterea
994 3450 1101 3520 (ΨΜ

49 3556 128 3599 cum
150 3540 266 3601 Iasonis
288 3542 320 3601 in
342 3543 534 3621 impetrando
557 3543 678 3606 uetere
695 3544 793 3606 labor
810 3542 902 3602 esset
909 3539 986 3596 tere
993 3529 1131 3587 numu

109 3648 156 3686 Vel
168 3648 272 3691 Flaccus.
880 3638 912 3689 Ὦ
