2384 3878
91 171 178 226 XLIV
493 171 700 226 PRAEFATIO

185 324 247 381 273
275 325 391 396 mappis
417 339 517 396 repom
544 339 609 381 mm
635 322 752 380 muco:
778 323 853 380 :orti
902 321 947 379 ita
973 320 1009 379 V.
1056 322 1109 385 sed

91 413 126 469 ut
149 403 290 486 ‘magnis’
312 410 389 469 illud
407 410 515 470 merito
529 411 712 485 Burmanno‚
726 409 778 485 qui
796 402 924 469 ‘multis'
938 410 1105 488 proposuit,

90 497 248 557 offensioni
270 499 337 575 fuit,
359 497 404 557 itu
427 492 546 576 ‘regum
568 491 664 558 miliu’
686 498 877 557 intolerabile
901 501 956 557 est.
999 498 1105 575 itaque

90 585 233 662 rescripsi
264 581 431 664 ‘molibus’3
464 587 507 647 sic
537 587 618 646 infre
650 583 692 662 [u.
726 584 803 661 282]
838 580 960 663 ‘magna
992 587 1108 662 pariter

92 693 166 751 quos
190 675 268 734 mole
290 669 450 752 petemus'.

181 764 243 822 287
272 782 398 839 mopous
427 764 541 823 addidi:
576 784 632 823 orn.
655 763 696 841 V;
724 765 761 823 of.
784 764 877 841 Verg.
901 762 945 822 VI
970 766 1025 840 713
1049 764 1108 823 VH

182 941 245 999 308
283 941 358 1000 ulios
391 939 568 1001 Columbus:
605 943 679 1000 altos
710 940 747 1002 V.
779 972 821 982 -
854 942 950 1001 dubiis
986 940 1105 1017 scripsi:

92 1028 176 1088 duris
198 1025 234 1104 V,
258 1048 316 1104 quo
340 1032 460 1088 seruato
484 1031 550 1088 toto
573 1028 757 1105 comparatio
780 1029 937 1088 claudicet.
974 1033 1108 1088 ceterum

91 1116 171 1174 unde
202 1116 257 1175 ills
289 1110 355 1175 ‘eut
387 1116 545 1193 sanguinei
577 1149 620 1159 —
652 1117 795 1193 gentibus
827 1111 924 1176 ortus'
956 1117 1108 1192 pendeant

92 1222 153 1263 non
186 1205 260 1264 eatis
292 1205 482 1281 perspicitur.
536 1206 638 1282 itaque
669 1206 799 1266 fortusse
836 1200 902 1265 ‘dut
938 1199 1107 1282 sunguinei'

93 1291 292 1373 scribendum.

183 1382 245 1441 313
264 1382 584 1458 prideru'nesoioquis:
601 1385 735 1457 primum
756 1383 792 1442 V.

182 1471 245 1530 316
268 1470 398 1530 fortusse
422 1464 488 1531 ‘nec
510 1471 614 1547 pelagi
635 1490 763 1531 nocuere
786 1464 874 1531 uiae'.

79 1581 84 1591 ·
182 1560 246 1617 318
270 1563 387 1632 oporpet
408 1559 487 1618 edd:
510 1563 624 1634 sparpit
645 1559 682 1618 V.

66 1704 72 1716 ,
183 1647 247 1705 324
265 1664 366 1719 purior
388 1645 512 1706 Aldina:
530 1649 631 1722 pudor
653 1645 689 1706 V.

182 1735 245 1792 326
270 1735 337 1808 lecit
358 1735 513 1796 Heinsius:
531 1739 607 1810 petit
628 1736 664 1794 V.

107 1813 110 1816 ’
183 1823 245 1893 329
269 1815 691 1906 sortheynckius(146):
714 1827 789 1900 forte
813 1824 849 1884 V.

182 1912 246 1970 339
264 1930 375 1985 pucros
396 1912 437 1971 V:
455 1932 551 1987 puero
573 1913 840 1990 Eyssenhardtius.
864 1945 906 1956 -
930 1916 1107 1974 tremcndum

91 1997 310 2059 Wakefieldus:
334 2005 503 2060 trementum
525 2001 562 2059 V.

181 2088 245 2146 363
270 2088 484 2148 suuPAldino:
509 2093 549 2149 sic
571 2088 607 2149 V.

181 2177 246 2235 370
270 2177 423 2251 luctifcras
444 2177 650 2238 Burmannus:
674 2180 813 2252 luciferas
834 2179 871 2238 V.

183 2265 245 2323 371
271 2267 354 2324 turdo
377 2265 496 2341 scripsi:
519 2270 600 2326 lueto
622 2267 659 2327 V.

180 2352 243 2410 372
267 2353 561 2414 roritheinsius:
585 2356 697 2428 foribus
720 2355 756 2414 V.

110 2442 116 2454 “
186 2441 248 2499 382
273 2443 320 2500 sin
343 2441 461 2517 scripsi:
485 2445 512 2502 si
533 2442 570 2501 V.

184 2529 248 2587 394
272 2531 355 2590 binos
377 2529 496 2605 scripsi:
518 2534 605 2591 uiuos
626 2532 667 2608 V;
691 2525 812 2592 ‘biuios'
835 2532 987 2592 Heinsius.

182 2617 246 2675 395
270 2619 333 2678 ideo
357 2618 476 2695 scripsi:
500 2621 571 2680 arico
594 2620 623 2678 V
646 2621 709 2679 sine
732 2639 830 2680 sensu.

180 2706 244 2763 413
259 2709 396 2766 subdunt
409 2707 527 2784 scripsi:
541 2711 664 2768 subtexit
676 2709 712 2767 V.
741 2702 915 2769 ‘subtraxit'
929 2710 1106 2786 Meynckius

90 2791 123 2849 Π
147 2793 222 2851 365.
268 2795 304 2851 ol.
328 2795 487 2855 Petronius
512 2793 595 2872 [bell.
624 2797 679 2857 ciu.
704 2794 781 2872 131]
811 2791 854 2857 ‘et
879 2799 978 2858 lucem
1001 2800 1106 2858 sceleri

93 2874 257 2939 subduxit’.
302 2883 418 2942 frustra.
444 2883 521 2942 illud
545 2879 700 2946 ‘subtexit'
728 2886 893 2945 defendunt
922 2887 989 2946 coll.
1012 2888 1105 2965 Verg.

90 2968 165 3027 Aen.
188 2967 236 3026 ΠΙ
260 2971 333 3030 582.

179 3057 244 3116 415
269 3076 299 3117 ec
331 3060 450 3136 scripsi:
483 3067 510 3120 et
540 3062 576 3121 V.
608 3057 649 3122 ‘e'
681 3063 899 3123 Lachmannus.
930 3094 968 3104 -
998 3066 1119 3124 imbres·

17 3168 21 3172 ·
89 3143 247 3205 Heinsius:
270 3149 351 3221 ipses
373 3147 409 3206 V.

179 3235 243 3294 436
266 3240 353 3297 nectit
375 3237 475 3297 Thilo:
498 3240 585 3309 ttoc'tit
606 3238 643 3298 V.
1075 3292 1078 3297 .

179 3324 397 3397 4381901291
418 3331 503 3385 notus
526 3331 552 3385 et
577 3332 635 3387 toto
662 3331 737 3388 ratis
763 3344 826 3387 mio
838 3330 990 3402 profundo
1013 3332 1104 3390 cerui·

89 3415 145 3470 tur.
190 3430 251 3471 uon
272 3416 374 3489 potest
396 3415 453 3474 hoc
476 3415 596 3490 quidem
618 3415 683 3475 loco
706 3415 837 3491 ineptior
859 3436 925 3477 esse
953 3418 1103 3494 oppositio

73 3499 139 3554 illc.
186 3519 259 3558 nem
284 3521 352 3560 cum
375 3502 463 3580 Argo
485 3503 584 3579 prima
606 3504 698 3563 fuerit
712 3505 808 3579 nouis,
830 3508 895 3565 toto
918 3507 996 3564 mari
1018 3507 1103 3566 illem
