2384 3878
174 168 278 224 XXXII
574 167 780 221 PRAEFATIO

259 320 323 378 667
347 320 501 390 pacsque
522 317 677 376 Heinsius:
701 319 859 390 remusque
880 317 916 374 V.

259 407 323 466 569
352 407 479 466 immolet
505 410 657 480 ereptoque
684 407 747 465 brut
772 420 912 478 responso
933 406 1086 477 phareas.

168 495 353 555 latinitatem
376 489 472 553 ‘luere
486 487 642 569 responsa'
665 494 709 553 nil
724 494 874 571 significat
887 493 946 552 nisi
970 487 1093 567 ‘poenas
1114 514 1119 549 ι

168 604 225 660 pro
252 577 540 660 responsis',‚quod
568 583 616 641 hic
644 583 808 642 absurdum
831 587 886 643 cst.
932 583 998 640 ueri
1020 583 1119 658 uestig

170 673 307 732 seruauit
334 671 362 728 V
392 665 581 747 ‘ereptaque'
609 671 761 731 exhibens.
812 672 882 747 lege
912 665 955 729 ‘et
984 674 1074 746 rapta
1100 672 1119 727 li

168 753 334 835 responsa'.

259 849 321 908 571
348 847 682 909 numeraremus:
706 852 819 908 certem
840 848 877 906 V.

259 938 324 997 576
348 937 452 997 malim
475 930 558 997 ‘tunc
583 937 662 997 ultro
685 931 795 1012 plura'.

260 1027 324 1086 580
348 1045 393 1103 sq.
419 1031 446 1084 et
471 1029 576 1086 ueteris
603 1027 727 1085 tumeries
749 1027 935 1100 praelabitur
963 1026 1008 1084 Ili
1035 1025 1119 1084 Doro

172 1131 278 1188 acque
297 1119 423 1188 putrem.
467 1114 551 1172 nullo
579 1113 667 1174 modo
695 1114 876 1173 uocabulum
899 1116 988 1190 quale
1016 1116 1063 1172 est
1087 1107 1119 1171 ‘n

176 1203 360 1279 cogitatione
388 1202 506 1260 adsumi
533 1205 647 1278 potcst;
680 1202 710 1260 id
742 1202 822 1279 quod
852 1203 929 1262 bene
962 1203 1056 1262 sensit
1087 1202 1119 1260 P<

172 1291 313 1366 kampius
338 1287 391 1364 [ad
412 1289 505 1367 Verg.
528 1291 603 1350 Aen.
625 1291 641 1348 I
665 1287 753 1366 257}
787 1294 948 1367 postquam
971 1294 1073 1350 sutem
1096 1311 1117 1366 g

173 1380 259 1438 inum
286 1372 444 1438 ‘tumulus'
475 1379 614 1453 sollemni
641 1379 696 1439 illa
723 1380 897 1439 litterarum
925 1373 967 1438 ‘u'
996 1383 1028 1438 et
1056 1373 1097 1438 ‘o'

173 1468 292 1528 fusione
319 1468 352 1527 in
378 1462 535 1528 ‘tumulos'
566 1468 655 1544 abiit,
687 1468 871 1545 sequebatur
902 1472 937 1527 ut
969 1469 1119 1528 nominati·

173 1549 415 1634 ‘Dardaniusque
442 1550 542 1632 patsr'
571 1556 604 1614 in
630 1557 835 1615 accusatiuum
862 1560 1024 1615 mutarent.
1074 1557 1119 1616 sin

172 1664 221 1704 me
245 1644 356 1703 alieubi
378 1648 538 1719 corruptus
562 1648 609 1703 est
630 1645 757 1721 Fronto,
779 1648 815 1704 ut
838 1646 925 1705 docui
947 1646 980 1703 in
1001 1645 1119 1704 Fleckei

172 1734 272 1792 anna.
295 1753 322 1792 a.
347 1735 430 1794 1872
455 1753 484 1808 p.
509 1735 582 1794 634.

263 1823 327 1883 593
352 1824 439 1882 minu
469 1821 587 1898 scripsi:
622 1824 725 1882 61111111
746 1823 783 1881 V.
830 1816 940 1882 ‘domo'
967 1822 1111 1882 Heinsius

176 1910 246 1986 luit:
279 1910 332 1969 sed
355 1910 452 1969 datiui
478 1904 589 1969 ‘domo'
618 1930 679 1970 non
705 1912 807 1970 inueni
830 1910 911 1986 apud
937 1914 1043 1986 poetas
1075 1911 1119 1970 lat

72 2014 75 2019 ’
173 1998 354 2074 exemplum:
381 2016 452 2057 nam
481 1999 575 2057 etism
597 1999 677 2073 apud
700 1999 861 2058 Horatium
886 1996 987 2074 [epist.
1010 1999 1025 2056 l
1051 2002 1105 2077 10,

173 2086 395 2146 restituendum
418 2080 540 2146 ‘domu'.

263 2177 327 2235 620
352 2175 470 2236 Taurus
491 2175 666 2234 Withofius:
688 2177 786 2236 Iscrscs
809 2175 845 2233 V.

267 2265 330 2322 626
352 2267 515 2339 qentowico
552 2264 673 2339 scripsi:
710 2265 859 2325 uolumina
894 2264 931 2324 V.
968 2297 1010 2307 -
1048 2265 1119 2324 dicu

176 2354 296 2410 statuae
317 2352 432 2427 templo
455 2353 614 2427 impositae
636 2353 757 2428 lateque
781 2353 966 2428 conspicuae.

265 2441 327 2498 641
353 2441 454 2500 obdita
475 2440 595 2514 scripsi:
618 2441 716 2500 arduo
737 2441 774 2498 V.

265 2528 328 2586 642
351 2545 403 2586 neo
426 2529 488 2588 loco
509 2528 713 2588 Burmannus:
738 2529 878 2604 lonqinquo
899 2531 935 2588 V.
960 2561 1001 2571 —
1025 2550 1081 2605 pro
1105 2525 1119 2588 ³:

173 2634 234 2675 non
255 2616 334 2676 male
356 2616 499 2676 Heinsius
523 2609 609 2675 ‘tam'
633 2617 762 2692 scripsit.

264 2706 326 2764 659
352 2724 428 2764 occu
451 2706 572 2781 scripsi:
595 2709 644 2766 tra
665 2705 701 2765 V.

208 2969 255 3029 III
281 2972 298 3030 9
322 2974 477 3043 meruique
497 2972 630 3043 superbis
651 2970 775 3030 Aldina:
799 2991 856 3031 om.
880 2970 916 3031 V.

265 3060 303 3116 11
329 3060 447 3118 dodoci
462 3059 542 3131 pica
564 3063 591 3118 et
613 3059 713 3119 Thilo:
738 3061 826 3120 dabat
848 3066 874 3120 ei
889 3064 970 3136 picto
992 3061 1028 3118 V.

267 3148 307 3206 13
325 3146 467 3220 phaleras
489 3146 646 3208 Heinsius:
664 3153 788 3222 poteras
808 3149 844 3209 V.

265 3237 306 3293 26
331 3239 400 3295 tuno
421 3234 544 3295 Aldina:
567 3254 646 3296 nunc
667 3236 704 3296 V.

264 3325 305 3383 33
324 3326 428 3400 pomo
451 3325 570 3400 scripsi:
588 3343 688 3399 proca
710 3325 746 3385 V.
772 3327 826 3386 sed
853 3319 960 3402 ‘prona
982 3322 1094 3387 sidera'

175 3411 324 3488 cadentia:
353 3431 462 3489 pamm
489 3417 591 3473 autem
621 3415 763 3474 credibile
798 3419 845 3474 est
878 3415 932 3474 sub
957 3434 1068 3474 nouam
1092 3418 1119 3474 lu

167 3499 420 3575 Argonautarum
443 3502 577 3561 reditum
598 3520 791 3580 pugnamque
813 3503 913 3563 locum
934 3504 1086 3564 habuisse.
