2384 3878
82 155 124 218 72
422 155 452 211 C.
470 155 609 210 vainei
626 154 757 212 FLACGI

82 313 112 365 et
134 322 245 364 uacuos
268 312 381 365 maesto
403 305 570 367 lustrarunt
592 305 704 366 lumine
727 311 854 367 montes.
891 310 894 315 '

82 402 111 453 at
134 401 216 463 satus
239 411 388 472 aequorea
411 395 490 455 fatur
508 402 580 455 tunc
604 393 673 455 talia
695 411 780 472 rege:

82 477 192 562 ‘aspice
216 490 246 543 et
270 501 303 542 ec
327 482 429 543 crudis
451 483 556 544 durata
579 482 731 544 inolumina
750 484 857 565 tergis3
1048 496 1103 548 unc

82 589 137 631 nec
160 579 229 651 peto
252 573 342 631 sortis
366 590 466 653 opem,
489 572 541 632 sed
564 590 641 650 quus
662 579 749 652 potes
771 570 863 632 indue
886 568 1032 637 amns'

126 659 206 720 Dixit
228 667 258 720 et
280 663 416 739 urgentis
436 679 491 741 per
514 679 581 721 sera
603 660 720 740 piacula
741 661 794 745 iuti

81 751 200 809 nescius
224 757 390 810 extremum
412 749 469 809 boc
492 752 582 811 armis
604 752 759 810 innectere
780 747 894 828 palam

82 837 132 898 dat
155 837 285 919 samuiis3
309 837 359 898 dat
382 846 412 898 et
434 837 503 899 inde
526 838 633 898 Lacon.
680 837 747 898 odia
768 856 874 917 aspera
898 847 1032 918 siuguart

80 928 191 1006 ignotis
214 929 299 1006 prius
321 928 418 1006 adque
441 930 563 988 incensa
585 934 686 987 mente
709 927 849 987 seruntur
1044 939 1100 989 aba

81 1017 113 1075 in
136 1015 267 1076 medium
290 1019 410 1095 sanguis
433 1017 512 1077 louis
536 1023 566 1076 et
588 1015 737 1094 Neptunia
759 1015 869 1094 proles.

81 1105 151 1165 hinc
174 1105 255 1165 illinc
279 1103 376 1164 dubiis
398 1107 513 1165 intenta
535 1104 652 1164 silentia
674 1106 763 1165 uotis.

82 1201 111 1254 at
134 1201 218 1273 pater
242 1194 354 1252 orantis
378 1210 533 1254 caesarum
556 1192 698 1253 Tartarus
721 1191 843 1253 umbras

82 1281 162 1342 nube
186 1299 259 1340 caua
282 1279 402 1341 tandem
424 1281 460 1341 ad
484 1284 608 1343 meritae
632 1280 800 1360 spectacula
821 1298 937 1360 poenae

83 1371 204 1450 emittit3
227 1372 336 1430 summi
358 1372 533 1450 nigrescunt
554 1369 684 1431 culmina
706 1371 825 1430 montis.
908 1416 911 1421 .
1049 1382 1102 1432 aad

82 1461 223 1520 continuo
246 1458 375 1540 Bebryx,
397 1459 506 1521 Maleae
529 1459 614 1520 uelut
636 1477 704 1519 arce
728 1459 844 1538 fragosa

82 1547 171 1608 turbo
194 1564 298 1628 rapax,
321 1550 373 1608 uix
395 1566 448 1608 ara
470 1551 583 1628 uirum,
607 1550 658 1607 uix
681 1547 785 1608 toliere
808 1564 915 1626 passus

82 1636 202 1696 brachia
225 1637 353 1695 torrenti
375 1654 519 1716 praeceps
542 1637 601 1714 agit
623 1634 756 1715 undiquc
780 1635 881 1697 nimbo

82 1725 220 1786 cursibus
243 1723 414 1806 inuoluens,
436 1733 558 1805 totaque
580 1725 708 1786 inmanis
731 1724 841 1785 herena

81 1817 259 1894 insequitur.
282 1813 354 1892 uigil
377 1813 426 1874 ille
449 1822 531 1875 metu
556 1812 769 1892 cum‘pectcrc
791 1820 823 1874 et
842 1815 937 1875 aratis
1046 1826 1103 1877 ecc

82 1903 140 1965 hue
164 1903 296 1964 alternus
319 1911 350 1963 et
372 1903 444 1985 buc,
467 1921 586 1983 semper
610 1904 728 1964 ceruice
751 1901 884 1984 reducta,

83 2011 201 2072 semper
224 1999 254 2052 et
276 1994 308 2052 in
331 1991 431 2070 digitis
455 2001 485 2053 et
507 1995 616 2053 sunnni
638 1991 763 2071 puluere
787 1992 893 2072 campi,

81 2088 294 2160 protectusque
318 2080 404 2141 redit.
449 2083 599 2160 spu-anti
622 2080 717 2159 qualis
739 2081 771 2140 in
790 2079 852 2142 elta

81 2169 182 2231 Pliade
206 2177 291 2250 capta
313 2171 399 2252 ratis,
422 2169 531 2250 trepidi
554 2187 643 2250 quam
664 2168 728 2229 sala
750 2169 883 2247 magistri

48 2313 54 2323 .
83 2278 154 2319 cura
178 2267 274 2340 tenet,
296 2258 434 2320 rabidum
456 2262 556 2320 uentis
578 2256 764 2319 certantibus
783 2274 899 2337 aaqiaer
1047 2270 1103 2321 aad

82 2350 257 2407 intemerata
280 2356 374 2408 secat:
418 2347 523 2408 Pollux
546 2350 589 2408 sic
612 2347 757 2427 prouidus
777 2348 856 2407 ictus

83 2442 184 2496 seruat
207 2443 238 2495 et
261 2434 381 2495 Oebalia
404 2435 527 2497 dubium
550 2445 639 2515 caput
663 2438 751 2516 eripit
773 2442 846 2497 arte.

83 2533 116 2586 nt
140 2524 246 2585 deinde
269 2532 413 2604 urgentes
433 2524 537 2585 effudit
558 2523 690 2587 nubibus
711 2527 772 2585 iras

83 2614 279 2694 ardoremque
302 2616 374 2696 uiri,
397 2613 538 2695 paulatim
560 2615 717 2693 insurgere
739 2613 820 2674 sesso

81 2706 198 2783 integer
221 2711 252 2764 et
274 2706 398 2764 summis
421 2703 557 2764 manibus
575 2702 717 2764 diducere
741 2708 866 2762 caestus.
1044 2710 1101 2764 ari

82 2791 131 2852 ille
151 2791 214 2851 dies
237 2809 342 2869 aegras
365 2793 466 2870 Amyci
489 2791 649 2853 sudoribus
671 2799 754 2852 artus

82 2882 198 2959 primus
221 2887 252 2938 ct
274 2881 370 2939 arenti
393 2887 583 2940 cunctantem
603 2880 681 2940 addit
702 2879 798 2940 hiatu:

83 2987 139 3029 nec
162 2986 216 3028 sua
239 2966 389 3028 defessum
411 2975 540 3029 noscunt
562 2969 626 3030 loca
648 2987 704 3030 nec
727 2985 781 3029 sua
802 2984 904 3046 regern

82 3058 206 3136 agmina.
252 3059 400 3136 respirant
422 3057 507 3118 ambo
530 3057 710 3138 paulumque
733 3064 883 3136 reponunt

82 3144 215 3225 brachia3
239 3163 295 3205 cen
318 3144 456 3226 Lapithas
479 3155 531 3208 aut
552 3146 684 3207 Paeonas
706 3163 835 3225 aequare
858 3146 889 3205 in
909 3145 978 3222 ips·
1043 3155 1099 3205 aaa

83 3253 152 3296 curn
175 3233 293 3293 resonet
314 3235 430 3315 fixaque
453 3235 521 3296 silet
537 3233 687 3296 Gradiuus
709 3238 740 3295 in
761 3233 854 3295 basta.

82 3325 134 3384 uix
158 3330 315 3406 steterant,
339 3332 369 3386 et
390 3328 450 3386 iana
473 3342 543 3387 ecce
565 3331 658 3385 ruunt
680 3323 850 3400 inflictaque
873 3321 932 3383 late

83 3419 166 3492 terga
190 3419 310 3494 sonant3
328 3432 407 3476 noua
429 3417 476 3476 uis
498 3417 621 3492 iterum,
644 3429 723 3472 noua
744 3409 853 3471 robora
871 3418 1006 3489 surgunt.

82 3499 162 3561 hunc
185 3500 296 3582 pudor,
319 3503 400 3564 hunc
422 3511 494 3564 noto
511 3504 570 3561 iarn
593 3517 662 3578 spes
684 3498 841 3559 audentior
863 3498 949 3560 hoste
