2384 3878
364 190 658 249 ARGONAUTIOON
675 192 786 248 LIBER
802 194 836 250 V.
1064 196 1109 261 95
1160 155 1163 160 ¹

92 340 203 403 adnuet
225 343 303 424 ipse,
326 360 408 423 reor3
431 360 529 420 neque
553 342 734 404 inexorabile
758 351 839 404 certe

92 428 173 508 quod
194 433 338 508 petimus:
361 434 409 491 sin
431 449 505 492 uero
528 449 633 510 preces
657 440 687 493 et
710 431 788 492 dicta
811 430 959 511 superbus

91 521 255 601 respuerit,
277 522 336 581 iam
359 538 440 580 nunc
463 521 577 581 animos
599 521 714 582 firmate
738 521 884 603 repulsae,

91 625 209 686 quaque
232 611 282 669 uia
304 611 409 688 patriis
432 609 598 670 reseramus
621 608 734 671 uellera
757 613 856 691 terris,

91 703 150 757 stet
171 699 285 776 potius:
308 697 400 759 rebus
424 716 541 778 semper
563 717 658 777 panor
681 698 757 760 absit
780 701 811 759 in
835 694 928 761 artis'

90 784 218 868 dixerat,
240 794 272 848 et
295 786 463 866 Scythicam
487 789 538 866 qui
561 805 593 848 se
617 789 797 848 comitentur
820 787 856 847 ad
879 787 986 850 urbem

90 880 171 935 sorte
195 873 280 957 legit,
303 893 488 954 numeroque
511 893 622 937 nouem
644 875 796 937 ducuntur
819 875 855 936 ab
875 879 962 938 omni.

89 961 159 1023 inde
183 965 263 1024 uiam
286 982 347 1043 qna
368 962 482 1024 Circaei
504 964 590 1043 plaga
611 966 746 1044 proxima
769 968 865 1044 campi

90 1052 257 1131 corripiunt
279 1071 440 1132 regemque
463 1060 570 1132 petunt
592 1055 651 1114 iam
673 1054 740 1115 luce
763 1053 895 1116 reducta.

134 1139 222 1202 Sorte
246 1141 336 1203 deum
358 1143 450 1203 uariis
473 1159 528 1220 per
551 1151 670 1204 noctem
691 1145 797 1204 territa
820 1145 971 1226 monstris,

90 1238 225 1291 senserat
246 1238 280 1291 ut
302 1231 403 1311 pulsas
426 1230 546 1291 tandem
563 1232 666 1293 Medea
689 1232 837 1315 tenebrae,

88 1325 173 1398 rapta
195 1320 270 1380 toris
292 1321 383 1399 primi
405 1318 491 1380 iubar
514 1319 550 1379 ad
573 1319 714 1399 placabile
738 1320 851 1382 Phoebi

87 1405 150 1468 ibat
173 1414 203 1469 et
225 1406 389 1468 horrendas
412 1406 568 1468 lustrantia
590 1408 711 1469 llnmina
734 1418 846 1471 noctes.

89 1513 217 1573 namque
242 1504 396 1576 soporatos
419 1498 517 1556 tacitis
540 1498 571 1556 in
595 1496 717 1558 sedibus
740 1505 823 1558 artus

88 1583 160 1645 dnm
181 1587 292 1665 premit
315 1584 372 1646 alta
395 1587 480 1665 quies
503 1585 661 1665 nullaeque
684 1589 715 1647 in
739 1589 855 1667 uirgine
879 1605 978 1670 cinae,

88 1675 153 1734 uisa
175 1691 288 1753 pauens
312 1676 402 1736 castis
424 1674 551 1735 Hecates
575 1674 719 1736 excedere
742 1675 831 1756 lueis3

88 1760 219 1840 dumque
242 1765 284 1842 pii
307 1765 382 1843 petit
405 1781 456 1822 ora
479 1765 586 1845 patris,
609 1767 693 1825 stetit
716 1764 827 1825 arduus
850 1767 930 1825 inter

86 1858 197 1930 pontus
221 1859 251 1912 et
273 1853 389 1930 ingenti
411 1854 526 1912 circum
549 1852 714 1932 stupefacta
731 1851 890 1934 profundo,

88 1938 303 2001 iratretamen
326 1947 451 2001 conante
475 1942 573 2019 sequi:
595 1959 665 2001 mox
688 1949 767 2003 stare
790 1950 933 2022 pauentes

87 2028 204 2089 uiderat
226 2031 340 2090 intenta
362 2048 473 2108 pueros
496 2048 569 2090 nece
593 2049 684 2110 seque
710 2025 941 2114 (tremenduml)

87 2135 227 2196 spargere
251 2118 340 2180 caede
364 2137 469 2179 manns
493 2127 523 2180 et
544 2120 657 2181 lumina
679 2138 820 2200 rumpere
843 2120 923 2182 ssetu.

86 2204 133 2266 his
157 2205 275 2268 turbata
297 2209 386 2267 minis
408 2207 516 2268 fluuios
540 2211 693 2287 ripamque
716 2209 836 2289 petebat

86 2291 222 2355 Phasidis
245 2295 360 2375 aequali
379 2295 554 2376 Scythidum
577 2299 736 2359 comitante
760 2305 888 2358 caterua.

86 2382 178 2444 llorea
201 2394 255 2463 per
278 2387 365 2446 uerni
389 2387 483 2465 qualis
506 2389 575 2466 iuga
597 2386 682 2449 duxit
704 2386 835 2467 Hymetti

87 2480 139 2534 ant
161 2471 260 2534 Sicula
283 2474 338 2535 sub
362 2494 437 2553 rupe
461 2475 569 2536 choros
591 2476 662 2537 hinc
684 2476 837 2556 gressibus
860 2476 986 2537 haerens

86 2560 220 2623 Pallados
242 2562 312 2623 hinc
336 2581 421 2623 carae
444 2562 624 2642 Proserpina
646 2567 747 2625 iuncta
770 2564 888 2645 Dianae,

87 2648 173 2711 altior
197 2669 230 2712 ac
253 2651 334 2712 nulla
357 2653 500 2712 comitum
522 2659 669 2733 certante,
691 2655 776 2732 prius
800 2670 889 2731 quam

85 2739 190 2819 palluit
213 2748 243 2801 et
265 2742 332 2801 niso
354 2740 460 2819 pulsus
483 2740 573 2801 decor
596 2742 692 2801 omnis
716 2740 848 2801 Auerno:

85 2826 152 2888 talis
175 2837 205 2889 et
227 2831 259 2888 in
282 2831 365 2889 uittis
389 2831 522 2908 geminae
546 2848 615 2890 cum
637 2829 749 2890 lumine
772 2829 874 2890 taedae

87 2914 204 2978 Colchis
228 2925 292 2978 erat
314 2918 447 2979 nondum
469 2921 595 2980 miseros
619 2938 708 2980 exosa
730 2927 877 2998 parentes.

85 3014 120 3066 ut
141 3006 248 3086 procul
272 3010 398 3068 extremi
416 3007 521 3086 gelidis
544 3027 560 3068 a
582 3008 714 3069 huminis
737 3008 826 3068 undis
1049 3018 1102 3069 ado
1170 3065 1172 3069 .

85 3097 181 3174 prima
203 3098 286 3156 uiros
309 3098 399 3157 tacito
423 3096 499 3157 uidit
521 3096 685 3176 procedere
708 3114 807 3178 passu,

85 3182 220 3245 substitit
243 3203 276 3245 ac
299 3193 411 3246 maesto
435 3187 584 3246 nutricem
607 3185 702 3246 adlata
724 3188 831 3246 timore
855 3191 914 3246 est:

86 3267 173 3352 ‘quae
197 3292 301 3335 manus
324 3275 411 3356 haec,
435 3283 518 3336 certo
542 3293 597 3336 ceu
621 3294 668 3335 me
691 3281 774 3355 petat
796 3277 925 3356 agmine,
948 3283 1053 3356 mater,

85 3361 207 3425 aduenit
230 3363 301 3426 haut
324 3366 428 3446 armis,
451 3363 530 3424 haud
549 3383 690 3443 umquam
714 3366 830 3443 cognita
854 3360 959 3426 cultu?

86 3468 196 3529 quaere
220 3452 332 3534 lugam,
353 3471 475 3535 precor,
499 3461 529 3514 et
551 3462 633 3515 tutos
657 3455 852 3534 circumspice
876 3448 989 3515 saltus?
1049 3463 1102 3513 aab

87 3540 168 3603 audit
191 3542 319 3621 uirginei
342 3549 445 3606 eustos
470 3542 644 3626 grandaeua
661 3542 795 3626 pudoris
