2384 3878
324 155 615 232 AncouAurrcou
634 175 745 232 cisne
763 176 810 230 ru.
1029 176 1072 239 49

55 343 113 386 uec
136 324 190 385 tibi
214 324 400 392 Thessalicos
418 333 490 386 tunc
512 326 638 406 profuit,
662 323 788 405 Ornyte,
811 343 898 404 reges

56 414 195 495 hospitiis
219 421 271 474 aut
293 421 393 475 mente
416 432 515 475 moras
538 414 650 474 fouisse
673 413 803 492 benigna

57 511 89 564 ct
110 502 222 563 laribus
245 520 379 564 sacrasse
403 502 505 584 iidem,
527 502 634 583 procul
656 502 777 564 aduenit
799 501 903 565 ldmou
1021 514 1072 565 175

57 590 248 671 oblatumque
272 592 342 652 ferit
364 587 477 671 galeam
500 593 666 671 cristasque
687 590 842 673 rubentes,

57 680 117 741 heu
140 689 192 741 tua
214 680 305 762 dona,
327 699 444 759 gerens.
490 699 580 759 quem
603 688 632 742 te
656 679 833 759 qualemque
857 679 971 742 uidebit

56 771 214 851 attonitus,
238 768 383 851 Crenaee,
405 768 526 849 parens!
550 787 589 830 en
612 770 738 848 frigidus
760 769 851 830 orbes

56 876 226 938 purpureos
249 860 307 918 iam
331 877 453 919 somnus
477 858 553 938 obit,
571 860 631 918 iarn
653 858 764 919 candor
787 866 817 918 et
840 860 910 919 anni

57 947 199 1008 deficiunt
221 949 343 1026 uitaque
367 947 444 1026 fugit
466 948 558 1008 decus
581 964 669 1007 omne
693 946 801 1008 soluta:
1023 959 1073 1008 180

42 1036 171 1096 -deseris
194 1035 254 1096 heu
276 1053 382 1096 nemus
406 1044 436 1097 et
459 1035 675 1117 Nympharum,
698 1036 806 1116 durus,
829 1035 957 1096 amores!

57 1132 88 1184 at
111 1124 230 1185 diuersa
254 1123 350 1203 Sagen
373 1124 544 1186 turbantem
567 1124 668 1185 fallere
692 1143 787 1185 neruo

57 1221 122 1273 turn
144 1215 274 1292 primum
296 1231 373 1293 puer
395 1232 486 1275 ausus
504 1212 592 1294 llylas
616 1207 700 1296 (spes
723 1215 848 1274 maxinra
870 1211 956 1273 bellis

57 1301 183 1380 pulcher
205 1301 307 1382 Hylas,
331 1304 357 1362 si
379 1303 439 1363 fata
461 1304 576 1384 sinaut,
600 1304 626 1364 si
647 1320 792 1382 prospera
814 1296 913 1384 luno),

57 1392 281 1469 prostrauitquc
306 1392 407 1452 uirum
429 1390 521 1451 celeri
542 1410 597 1471 per
620 1398 742 1470 pectora
765 1390 834 1452 telo.
1023 1403 1073 1452 reo

103 1478 267 1546 Accessere
288 1472 402 1562 (nefas)
426 1477 560 1542 tenebris
583 1478 736 1541 fallacibus
759 1481 817 1540 acti

57 1567 241 1647 Tyndaridae
264 1570 296 1628 in
315 1586 395 1630 sese:
418 1567 523 1630 Castor
545 1570 630 1648 prius
652 1567 714 1630 ibat
736 1570 768 1630 in
790 1570 869 1629 ictus

58 1658 195 1737 nescius3
219 1664 263 1718 ast
285 1656 353 1717 illos
376 1675 454 1719 noua
477 1657 528 1718 lux
552 1657 728 1736 subitusque
752 1657 872 1718 diremi

58 1746 166 1806 frontis
189 1763 273 1825 apex.
318 1754 383 1807 tum
406 1746 511 1807 Castor
533 1746 613 1827 Ityn,
636 1764 694 1825 qua
717 1745 854 1807 caendus
877 1745 969 1807 ambit

57 1833 174 1895 balteus
197 1841 228 1894 et
250 1836 361 1914 gemini
384 1836 574 1895 committunt
596 1853 649 1896 ora
672 1834 826 1915 dracones,
1024 1847 1075 1895 190

58 1923 151 1983 frater
173 1922 277 2002 Hagen
300 1922 510 2002 Thapsumque
534 1925 800 2002 securigerumque
822 1921 951 1983 Nealcen

57 2013 195 2090 transigit
217 2019 248 2072 et
271 2010 378 2073 Canthi
399 2011 560 2092 pallentem
582 2011 708 2074 uulnere
732 2010 870 2090 Cydrum.

57 2108 187 2161 torserat
210 2099 258 2161 hic
276 2102 348 2162 totis
371 2102 492 2162 conisus
514 2101 632 2184 cipibus
653 2099 769 2163 hastam

58 2191 195 2250 uenatori
217 2188 341 2270 Erymo,
363 2189 467 2251 breuis
489 2189 565 2251 hanc
589 2189 642 2251 sed
663 2190 725 2251 fata
748 2189 895 2250 ferentem
1096 2253 1100 2258 ,

56 2278 187 2357 prodidit
210 2285 241 2338 et
262 2280 347 2358 piceo
366 2280 507 2340 comitem
528 2281 668 2340 utiserata
691 2277 811 2339 refulsit
1022 2288 1075 2339 195.

58 2366 143 2427 Luna
165 2366 248 2448 polo;
272 2385 391 2428 cessere
413 2365 500 2429 iubae
524 2375 702 2447 raptumque
725 2384 780 2447 per
802 2385 889 2428 auras

58 2454 170 2518 unlurrs
193 2463 223 2516 et
246 2464 379 2517 extrema
403 2459 503 2518 sonuit
526 2459 586 2518 cita
609 2456 732 2536 cuspide
756 2458 857 2518 cassis.

59 2543 201 2605 Nisaeum
224 2544 367 2606 Telamon
388 2553 420 2606 et
443 2543 591 2625 Ophelten
613 2563 691 2609 uana
709 2553 864 2607 sonantem

59 2651 115 2712 per
138 2631 226 2712 clipei
249 2634 383 2695 cedentis
406 2652 482 2713 opus
504 2641 677 2711 cratemque
700 2633 837 2713 trilicem,

58 2739 119 2800 qua
142 2721 287 2783 stomachi
309 2729 439 2802 secreta,
462 2722 531 2783 ferit
554 2721 710 2800 laetusque
733 2722 883 2801 profatur:
1023 2733 1075 2783 200

60 2806 115 2891 ‘di,
137 2829 258 2892 precor,
281 2810 362 2872 hunc
385 2828 488 2890 regom
511 2818 561 2872 aut
584 2828 678 2889 acque
702 2810 845 2891 delegerit
868 2811 925 2872 alta

59 2899 123 2959 fors
145 2899 218 2960 mihi
240 2908 328 2979 gente
352 2908 462 2982 satum,
485 2917 670 2979 nngnusque
693 2908 725 2960 et
746 2898 854 2961 fiebihs
877 2899 945 2962 urbi

58 2983 246 3050 conciderit?
291 2989 486 3068 superaddit
509 2989 590 3051 Aren
612 2989 797 3068 fratremque
820 2987 1004 3050 Melanthum

58 3075 237 3156 Phoceaque
260 3076 420 3158 Oleniden,
442 3075 586 3157 Lelegum
608 3079 662 3156 qui
683 3076 789 3156 pulsus
812 3075 849 3138 ab
871 3080 934 3138 oris

59 3167 140 3245 regis
162 3167 322 3227 amicitiam
344 3173 375 3227 et
397 3165 499 3227 famuli
521 3167 670 3246 propioris
693 3165 823 3226 honores
1024 3179 1079 3229 aot>

59 3248 135 3336 (qua
157 3256 273 3334 patiens
297 3272 357 3316 uon
380 3248 482 3337 artui)
505 3254 582 3317 tulit.
628 3272 687 3315 nox
709 3253 768 3315 alta
790 3254 949 3318 cadentum

59 3345 197 3421 ingentes
220 3343 351 3423 duplicat
373 3344 490 3405 sonitus
511 3351 660 3424 augetque
680 3344 790 3405 ruinas.

58 3438 95 3492 ut
117 3433 210 3511 magis
233 3431 376 3514 Inarime,
399 3434 493 3512 magis
515 3433 703 3512 utmugitor
725 3431 843 3493 anhelat

60 3519 202 3601 Vesulus,
225 3522 366 3582 attonitas
388 3539 458 3583 acer
480 3539 550 3583 cum
573 3522 701 3584 suscitat
720 3519 832 3602 urbes,

115 3628 162 3670 Vni.
175 3630 282 3672 Flaccus
880 3623 903 3669 ἱ
