2384 3878
107 185 150 250 36
450 182 478 237 c.
498 183 635 238 vanum
652 183 783 239 rnaoor

105 335 293 415 praecipitat3
311 334 387 412 petit
409 335 522 412 ingenti
546 332 673 394 clamore
696 336 838 413 magister

106 442 187 485 arma
210 425 292 484 uiros
314 424 427 502 pariter
451 439 628 501 sparsosque
651 425 682 483 in
705 422 792 483 litore
816 440 925 484 remos.

151 512 292 574 Exoritur
317 529 415 571 nouus
437 510 513 570 urhe
537 510 621 571 dolor
643 511 841 591 planctusque
865 530 921 592 per
945 530 1055 575 omnes

107 609 153 664 est
175 603 266 663 iacies
290 601 409 678 antiqua
433 600 544 660 domos
591 599 647 660 sibi
670 602 787 661 moenia
809 598 906 680 linqui

32 714 36 720 ·
107 709 145 751 en
168 693 290 771 iterum,
314 696 344 748 et
368 688 485 767 quando
508 696 646 749 natorum
669 697 817 771 tempora,
840 697 964 768 gentem
1078 702 1132 755 395

108 781 160 859 qui
182 778 327 859 recolant,
351 779 403 856 qui
426 785 543 856 sceptra
566 774 691 857 gerant?
714 796 794 839 nunc
819 780 905 839 triste
930 779 1080 841 nefandae

106 871 205 929 noctis
228 886 318 949 opus,
341 866 426 926 uidui
449 885 529 926 ntrnc
551 866 601 926 illa
624 867 740 928 silentia
763 869 835 927 tecti

108 974 197 1018 saeua
220 959 325 1037 magia,
349 955 492 1016 thalamos
516 974 699 1034 excussaque
724 955 820 1016 uincla
844 956 926 1035 quod
950 976 1042 1019 ausae

106 1046 232 1107 inducre
256 1053 343 1124 atque
368 1047 478 1104 iterum
501 1045 574 1104 tales
597 1044 752 1105 admittere
777 1062 872 1105 curas.

104 1136 169 1214 ipsa
193 1152 311 1214 quoque
334 1131 493 1212 Hypsipyle
517 1132 631 1193 suhitos
654 1151 709 1212 per
731 1133 818 1194 litora
843 1151 954 1194 cursus
1076 1148 1132 1198 400

106 1232 141 1283 ut
164 1223 240 1284 uidit
261 1229 383 1301 totaque
406 1223 489 1281 uiros
513 1221 657 1282 decedere
680 1221 801 1302 Lemno,

107 1313 231 1390 ingemit
254 1319 284 1370 ct
307 1311 359 1371 tali
382 1308 529 1388 conpellat
551 1309 655 1370 lasona
679 1318 801 1389 questu:

107 1394 215 1460 ‘iamne
237 1399 335 1479 placet
356 1400 453 1479 primo
477 1399 624 1459 deducere
648 1399 714 1459 uela
737 1406 853 1480 sereno,

108 1491 206 1549 carius
229 1507 247 1548 o
271 1487 343 1549 mihi
365 1496 450 1567 patre
474 1485 584 1567 caput?
607 1488 693 1549 modo
718 1506 806 1549 saeua
830 1490 974 1566 quierunt

107 1595 245 1656 aequora.
292 1579 335 1637 sic
358 1584 464 1655 portus
487 1577 603 1654 fugeret
627 1579 712 1656 ratis,
736 1594 840 1656 aspera
864 1579 944 1637 site

106 1663 185 1725 Plias
208 1667 240 1724 in
263 1665 405 1725 aduersae
429 1666 575 1724 tenuisset
597 1665 684 1724 litore
707 1664 846 1725 Thraces.

107 1772 178 1833 ergo
202 1772 300 1814 moras
324 1752 404 1813 caelo
429 1771 609 1831 cursumque
633 1752 805 1813 tenentibus
829 1753 918 1813 undis
969 1793 973 1801 -

107 1838 298 1904 debuimusi'
323 1841 396 1901 dixit
419 1841 588 1922 lacrimans,
612 1841 796 1920 haesuraque
821 1860 890 1902 caro

107 1932 184 1992 dona
207 1931 276 1991 duci
298 1933 408 2011 promit
432 1929 614 2009 chlamydem
636 1937 793 2009 textosque
817 1929 944 1991 labores.

105 2019 167 2080 illic
190 2021 302 2078 seruati
325 2020 468 2097 genitoris
492 2020 611 2077 conscia
634 2036 716 2077 sacra

106 2110 218 2188 pressit
242 2126 297 2167 acu
321 2124 488 2185 currusque
510 2108 588 2184 pios:
612 2113 692 2166 stant
715 2125 803 2166 saeua
826 2114 992 2187 pauentum

106 2199 223 2276 agmina
245 2195 375 2275 dantque
398 2195 510 2275 locum,
530 2194 634 2255 uiridis
658 2197 773 2254 circum
795 2194 916 2255 horrida
939 2194 1000 2256 late

106 2285 181 2346 silua
204 2287 318 2366 tremit3
342 2283 447 2345 mediis
471 2285 580 2362 refugit
602 2290 687 2362 pater
710 2284 814 2344 anxius
838 2282 935 2344 undis.

106 2380 210 2434 eontra
234 2381 264 2432 et
286 2372 443 2432 frondosae
466 2379 579 2432 tractus
603 2380 789 2450 expresserat
811 2371 879 2432 ldae

105 2461 322 2540 inlustremque
346 2461 445 2538 lugam
467 2463 566 2540 pueri,
590 2478 659 2519 mox
682 2461 802 2522 aethere
825 2461 921 2521 laetus

107 2549 240 2610 adstahat
263 2551 388 2631 mensis,
411 2549 483 2628 quin
508 2556 537 2609 ct
560 2548 639 2608 louis
663 2552 791 2628 armiger
813 2552 877 2628 ipse

107 2641 215 2718 accipit
238 2658 254 2698 a
277 2638 405 2718 Phrygio
428 2640 487 2697 iam
509 2637 615 2716 pocula
637 2636 743 2697 blanda
766 2640 918 2698 ministro.
981 2628 986 2637 ’

105 2735 178 2788 tunc
202 2745 305 2787 ensem
327 2735 489 2805 notumque
513 2726 613 2786 serens
635 2727 750 2804 insigne
774 2726 916 2787 Thoantis

106 2810 231 2894 ‘accipe'
256 2818 305 2894 ait,
328 2809 425 2873 ‘hellis
447 2813 620 2891 mediaeque
638 2822 672 2873 ut
694 2814 819 2892 puluere
842 2833 961 2894 pugnae

105 2906 163 2963 sim
187 2921 299 2982 comes,
323 2900 445 2960 Aetnaei
468 2904 585 2979 genitor
604 2919 678 2981 quae
702 2901 836 2963 flammea
859 2905 954 2982 gessit

105 2990 266 3072 donadei,
290 3008 370 3050 nunc
394 2988 481 3067 digna
504 2991 563 3049 tuis
587 2989 740 3068 adiungier
763 2994 861 3051 armis

106 3081 130 3159 i,
154 3081 300 3139 memori
324 3086 435 3158 terrae,
460 3095 534 3156 quae
558 3096 613 3137 uos
636 3078 769 3157 amplexa
792 3082 894 3158 quieto

105 3168 202 3246 prima
225 3170 305 3247 sinu,
329 3167 409 3226 refer
433 3173 463 3224 et
486 3165 604 3226 domitis
628 3183 644 3224 a
667 3164 822 3226 Colchidos
846 3170 908 3229 oris

106 3253 174 3315 uela
195 3273 250 3334 per
272 3256 352 3315 hunc
376 3262 462 3314 utero
487 3272 575 3332 quem
598 3252 708 3334 linquis
730 3254 833 3315 lasona
858 3253 986 3319 nostro'

106 3344 150 3402 sic
174 3345 214 3404 ait
236 3342 391 3404 Haemonii
413 3341 514 3401 labens
537 3343 569 3401 in
592 3341 666 3401 colla
688 3344 794 3404 mariti.

106 3448 161 3490 nec
185 3433 284 3493 minus
307 3430 425 3511 Orphea
448 3431 542 3495 tristis
565 3433 682 3491 ceruice
706 3438 825 3512 tuaque,

95 3517 238 3604 Aeacide,
264 3529 296 3582 et
316 3521 439 3600 gemino
463 3520 593 3580 coniunx
616 3537 632 3578 a
656 3517 777 3579 Castore
800 3520 919 3598 pendet.
