2384 3878
120 189 164 254 46
460 186 489 245 0.
509 186 648 241 veteru
664 184 794 241 uincor

122 338 235 398 adstitit
258 346 287 398 et
311 336 420 416 triphci
442 334 564 417 pulsans
588 337 704 420 fastigia
727 336 818 395 crista

121 426 190 487 bino
215 428 273 487 ciet
295 444 364 487 aere
387 426 495 486 uirum.
542 426 678 503 sequitur
700 442 755 504 per
777 424 895 484 moenia
917 420 1043 487 demens

121 515 169 577 ille
194 516 279 577 deam
302 523 333 575 et
355 515 423 574 satis
446 521 578 574 extrema
600 516 631 573 in
654 512 767 592 proelia
790 511 898 592 tendit3

122 604 217 683 qualis
240 607 271 665 in
295 602 417 664 Alciden
441 610 471 663 et
494 602 608 662 Thesea
631 601 764 664 Rhoetus
787 603 883 680 iniqui
1105 612 1140 664 to

121 692 200 754 nube
223 694 300 754 meri
322 693 469 772 geminam
492 691 623 751 Pholoen
646 693 817 770 maioraque
841 707 967 750 cernens

121 791 206 843 antra
228 784 302 864 ruit,
327 780 460 860 qualisue
483 780 562 841 redit
584 780 742 841 uenatibus
766 782 839 841 actis

121 870 215 932 lustra
237 879 323 950 pater
346 870 537 949 Triuiamque
561 887 671 930 canens
694 886 858 947 umeroque
881 864 1051 930 Learchum

122 958 255 1040 aduehit,
278 968 308 1020 at
330 961 455 1019 miserae
480 957 628 1020 dechnant
651 958 762 1019 lumina
785 956 913 1018 Thebae.

120 1050 238 1128 iamque
261 1049 334 1110 adeo
358 1066 414 1108 nec
436 1055 522 1127 porta
545 1047 652 1108 ducem
675 1065 731 1109 neo
753 1063 830 1126 pone
854 1052 990 1107 moratur
1104 1056 1139 1107 to

121 1136 261 1199 excubias
285 1138 390 1197 sortita
412 1153 531 1216 maroc,
556 1154 630 1215 quae
653 1139 749 1216 prima
772 1135 884 1196 furenti

121 1226 252 1306 aduolat3
274 1225 344 1286 hinc
368 1225 417 1285 alii
440 1224 583 1305 subeunt,
606 1233 640 1285 ut
661 1227 795 1304 proxima
819 1240 955 1303 quaeque

120 1316 276 1375 intremuit
299 1314 405 1374 domus
428 1321 459 1373 et
481 1321 581 1374 motus
604 1316 719 1392 accepit
740 1315 852 1374 inanes
877 1392 880 1396 ,

165 1405 202 1464 At
225 1403 336 1481 Minyas
360 1421 469 1481 anceps
491 1403 555 1463 lixit
577 1421 685 1482 pauor3
708 1420 796 1482 aegra
818 1403 955 1461 uirorum

122 1492 211 1553 corda
233 1491 345 1572 labant,
368 1510 424 1551 neo
448 1509 522 1571 quae
546 1493 629 1570 regio
652 1500 703 1552 aut
725 1491 896 1553 discrimina
919 1495 1058 1572 cernunt,
1103 1499 1138 1552 to

122 1599 176 1641 cur
200 1579 299 1658 galeae
323 1579 468 1658 clipeique
493 1581 616 1661 micent,
640 1598 713 1641 num
734 1578 863 1659 peruigil
886 1580 976 1641 armis

121 1756 216 1817 donec
240 1764 271 1816 et
292 1757 376 1817 basta
399 1755 503 1817 uolans
525 1759 638 1817 inmani
661 1757 781 1818 turbine
804 1756 944 1817 transtris

120 1847 253 1906 insonuit
275 1847 450 1925 monuitque
473 1853 568 1906 ratem
591 1864 696 1926 rapere
720 1845 808 1906 obuia
832 1862 919 1906 caeca

59 1933 61 1937 ’
119 1952 201 1994 arma
224 1952 321 1995 manu.
367 1937 507 2014 princeps
531 1934 644 2014 galeam
667 1936 845 2015 constringit
866 1933 954 1995 lason
1102 1944 1137 1996 80

121 2023 288 2084 uociferans
313 2018 450 2101 ‘primam
472 2022 549 2082 hanc
571 2025 645 2104 nati,
668 2032 766 2104 pater,
790 2025 890 2102 accipe
912 2038 1044 2102 pugnem

120 2129 249 2192 uosque,
272 2113 348 2191 uiri,
371 2118 488 2190 optatos
510 2111 570 2172 buc
594 2111 695 2173 adfore
719 2113 831 2174 credite
856 2104 1002 2173 Colchos'

120 2199 256 2260 Bistonas
280 2201 311 2259 in
334 2200 448 2261 medios
472 2219 527 2260 eeu
550 2199 674 2261 Martius
698 2201 781 2262 exilit
803 2202 891 2262 astris

121 2307 242 2369 currus,
265 2288 317 2348 ubi
339 2291 476 2367 ingentes
499 2291 613 2350 animae
637 2289 807 2369 clamorque
831 2288 980 2367 tubaeque

121 2379 316 2455 sanguineum
339 2378 444 2437 iuuere
468 2377 571 2458 deum,
593 2397 654 2438 non
678 2380 798 2459 segnius
820 2379 870 2439 ille
1104 2387 1137 2441 86

121 2474 246 2544 occupat
269 2482 341 2525 arua
364 2466 481 2546 surens;
504 2468 640 2544 sequitur
663 2469 710 2528 uis
734 2470 830 2528 omnis
854 2465 1010 2529 Achiuum.

120 2553 322 2633 adglomerant
344 2553 449 2636 latera,
473 2563 503 2615 et
526 2554 626 2616 densis
650 2556 821 2617 thoracibus
844 2557 972 2617 horrens

120 2651 178 2704 stat
200 2662 320 2724 manus,
343 2646 481 2723 aegisono
506 2662 595 2723 quam
617 2663 673 2705 nec
696 2646 760 2706 lora
782 2654 904 2727 pectore
928 2647 1014 2725 uirgo

119 2731 275 2810 dispulerit
298 2751 353 2792 neo
377 2733 479 2794 dextra
503 2733 582 2793 louis
606 2733 776 2813 Terrorque
799 2734 966 2815 Pauorque,

118 2819 221 2880 Martis
246 2823 323 2900 equi.
370 2824 412 2881 sic
436 2824 583 2882 contextis
606 2821 786 2886 umbonibus
810 2831 927 2904 urgent,
1102 2834 1139 2885 eo

118 2907 256 2969 caeruleo
279 2907 374 2969 ueluti
398 2927 467 2970 oum
489 2908 623 2989 luppiter
647 2913 762 2991 agmine
786 2912 899 2973 nubem

119 2999 288 3077 constituit3
311 3006 427 3058 certant
449 2997 570 3078 zephyri
592 3000 763 3080 frustraque
786 3004 935 3081 rigentem

117 3083 216 3166 pulsat
239 3088 388 3165 utrimque
412 3096 514 3168 notus3
537 3088 669 3167 pendent
692 3090 826 3151 mortalia
849 3090 937 3169 longo

119 3173 209 3235 corda
231 3183 326 3256 metu,
351 3176 458 3254 quibus
482 3176 652 3258 illabens,
676 3177 785 3256 quibus
808 3179 920 3239 incidat
942 3179 1032 3240 aruis

161 3261 238 3322 Hinc
261 3281 366 3325 manus
389 3264 492 3325 infelix
515 3264 644 3326 clamore
667 3268 810 3346 inpellere
834 3285 941 3348 magno
1099 3277 1136 3329 ab

117 3369 186 3412 saxa
210 3352 348 3432 lucesque
373 3361 451 3414 atras
475 3362 505 3414 et
527 3361 623 3415 tortae
646 3357 779 3434 pondera
802 3357 924 3437 lundae3

117 3440 176 3500 fert
200 3443 315 3501 sonitus
338 3444 449 3503 inmota
471 3441 597 3523 phalanx
621 3445 739 3524 irasque
763 3454 924 3526 retentant,

107 3531 270 3606 congeries
293 3530 364 3592 dum
385 3533 485 3613 prime
507 3531 587 3597 fluat.
633 3534 781 3596 stellantia
802 3535 924 3614 llopsus
