2384 3878
80 173 130 226 LII
476 128 691 227 PRAEFATIO

172 321 212 381 25
235 327 377 398 prataque
399 342 434 381 ex
456 323 484 379 V
502 323 632 383 restitui.
677 341 748 382 nam
776 316 856 399 ³que'
886 341 1009 398 semper
1032 322 1092 381 fere

81 429 136 488 pro
161 405 221 469 ‘ue'
239 412 325 487 ponit
347 411 497 471 Valerius.

173 502 212 559 29
237 501 399 574 appendere
420 501 504 560 Itali:
529 503 681 560 accendere
703 501 739 559 V.

173 591 213 648 32
232 594 391 663 parantem
414 609 450 648 ex
472 589 500 646 V
523 589 653 649 restitui.

173 679 214 736 33
239 681 384 738 3333333333
405 678 591 754 Maduigius:
620 683 687 738 onte
713 680 807 752 operit
828 677 865 736 V.
890 709 931 718 —-
956 679 1096 738 monentis

84 758 140 845 (se.
165 758 231 845 ora)
256 767 375 842 scripsi:
399 770 541 827 nerontis
563 765 600 826 V.

172 876 212 932 41
243 873 367 948 Minyae
397 872 553 932 Heinsius:
586 891 670 933 cerno
701 874 738 949 V
771 874 851 975 quod
882 872 1096 947 interpolatum

83 963 131 1021 est
152 956 347 1039 postquam³
349 956 461 1021 minue’
484 965 555 1037 post
578 955 786 1022 ³hominum'
778 965 823 1021 mt
810 960 939 1020 33331113.

110 1068 216 1129 50
233 1074 356 1172 penates
377 1070 581 1127 Burmannus:
599 1073 709 1143 parent
709 1086 738 1128 es
698 1068 797 1127 tu

172 1157 249 1217 53Ι
237 1159 350 1218 33333933
372 1157 491 1233 scripsi:
514 1158 608 1216 inlisit
628 1156 657 1214 V
681 1157 744 1216 sine
768 1156 904 1231 exemplo
928 1154 1019 1214 iusto.

86 1338 102 1392 1
144 1247 215 1409 105]5
244 1245 347 1305 malim
375 1240 539 1305 decrescet
567 1239 743 1321 Caucasus'3
772 1246 808 1304 of.
832 1244 949 1303 Statius
979 1241 1060 1319 [silu.
1083 1242 1097 1300 I

110 1381 118 1412 ,
202 1379 208 1392 .

92 1451 94 1457 “
174 1443 214 1500 57
240 1445 474 1501 333-93333333
497 1440 618 1516 scripsi:
642 1442 827 1499 333-933333
849 1438 886 1497 V.
943 1432 946 1437 ’

13 1553 16 1560 ·
110 1583 112 1586 ,
174 1532 214 1590 76
240 1531 371 1589 dentibus
393 1529 550 1588 Heinsius:
573 1531 692 1588 seminis
714 1528 751 1587 V.

174 1619 225 1693 84,
250 1619 291 1678 85
315 1634 414 1676 sereno
438 1635 493 1677 one
516 1617 635 1694 scripsi:
659 1635 765 1689 sereno
784 1634 851 1676 aree
872 1615 909 1692 V,
940 1614 993 1674 sed
1022 1607 1098 1673 ³arx'

83 1724 248 1782 numquam
280 1706 391 1766 omisso
423 1707 526 1766 addito
563 1707 694 1783 quodam
730 1697 829 1788 (uelut
867 1695 1046 1784 ³oaelestis’)
1082 1720 1099 1760 3

84 1795 206 1855 Valerio
231 1794 358 1872 aliisque
381 1815 436 1871 pro
458 1789 597 1854 ‘caelum'
620 1796 750 1871 ponitur.
773 1826 815 1835 -
834 1811 963 1868 prensos
982 1791 1099 1867 scripsi:

79 1902 221 1959 praeceps
243 1885 285 1960 V,
314 1884 393 1960 quod
416 1887 579 1961 utcumque
602 1884 769 1960 repositum
797 1886 856 1958 393,
883 1885 1046 1957 postquam
1072 1879 1102 1938 in

85 1967 236 2049 ‘prensus'
264 1990 338 2030 uoce
366 1972 474 2031 ultima
497 1973 616 2048 syllaba
643 1976 714 2031 ante
743 1964 866 2030 ‘subito'
894 1969 993 2046 periit.
1043 1968 1101 2026 Va·

85 2062 179 2121 terius
208 2061 346 2120 imitatur
374 2060 451 2119 illud
473 2059 675 2120 Horatianum
704 2054 811 2119 ³otium
839 2059 926 2118 diuos
953 2061 1045 2134 rogat
1071 2055 1102 2114 in

85 2150 202 2226 patenti
224 2168 351 2226 prensus
375 2143 524 2226 Aegaeo':
548 2149 585 2208 cf.
609 2152 640 2208 33
652 2149 807 2208 Bentleius
827 2145 1099 2239 et‘Peerlkampius

86 2240 125 2299 ad
142 2240 216 2298 Hor.
241 2239 316 2298 od.I
342 2241 392 2314 14,
413 2240 464 2298 10.

177 2328 239 2386 115
264 2344 382 2386 cernens
401 2327 519 2402 scripsi:
543 2343 665 2402 quaeres
682 2325 718 2403 V,
741 2326 820 2383 unde
845 2317 1017 2401 ³quaersns'
1032 2321 1098 2382 edd.

71 2420 119 2477 at
140 2435 237 2492 neque
259 2416 292 2474 in
315 2415 378 2474 solo
403 2415 495 2474 cubili
517 2434 613 2491 neque
635 2415 668 2473 in
691 2415 803 2474 sororis
827 2413 942 2490 gremio
958 2421 1103 2489 quaerere

86 2500 188 2582 potest
215 2503 339 2563 Medeae
366 2502 483 2563 Iasonis
511 2505 628 2579 uultus3
660 2503 750 2562 immo
787 2503 819 2560 hi
851 2502 975 2577 ubique
992 2501 1021 2559 ei
1054 2499 1103 2558 ob-

88 2594 297 2653 uersabantur.

178 2702 240 2760 127
265 2704 352 2759 933333
368 2685 538 2773 9331333333
556 2699 674 2774 scripsi:
698 2697 798 2757 sends
820 2698 952 2769 increpet
964 2694 1002 2770 V,
1025 2693 1103 2753 unde

88 2789 168 2866 quod
192 2788 257 2847 edd.
280 2788 388 2864 legunt
412 2781 489 2846 ‘sese
513 2781 617 2846 semel'
640 2787 778 2862 ineptum
800 2787 855 2844 est.
902 2783 939 2842 de
963 2777 1029 2842 ‘sio'
1053 2801 1103 2841 uo-

86 2878 155 2937 cula
178 2879 320 2953 sequente
344 2868 410 2934 ‘aie'
435 2875 539 2936 addita
562 2875 598 2933 of.
621 2875 666 2933 VI
691 2875 768 2949 6463
791 2872 866 2930 VIII
892 2873 954 2931 177
980 2872 1050 2931 alia.

179 2968 242 3025 134
268 2967 327 3039 find
349 2964 468 3039 scripsi:
492 2964 624 3039 3333317.
905 3034 908 3039 ⁴

179 3056 242 3113 135
267 3071 283 3113 3
306 3056 421 3113 tanton
444 3052 563 3155 scripsi:
588 3056 614 3111 33
603 3052 752 3111 3333333333
777 3051 813 3109 V.

180 3144 242 3202 139
268 3160 288 3201 3
308 3144 408 3203 redeat
431 3141 550 3218 scripsi:
574 3145 626 3201 333
647 3142 746 3200 redeat
770 3139 807 3215 V,
831 3138 911 3215 quod
939 3157 975 3197 ex
998 3138 1101 3214 glossa

88 3272 190 3327 ortum
213 3269 259 3326 est
282 3260 371 3326 hac³
373 3285 392 3326 a
395 3227 551 3325 re.deat'

95 3400 101 3413 .
180 3357 243 3415 150
265 3358 391 3416 33333333
413 3355 500 3414 Dom.
523 3353 652 3414 Marius:
675 3351 857 3426 3333393311.

180 3446 239 3504 151
267 3462 358 3505 aneos
382 3442 503 3519 scripsi:
527 3459 616 3520 opens
637 3442 674 3500 V.

162 3534 234 3590 156
245 3533 373 3606 medere
400 3531 543 3592 Vossius:
561 3531 676 3611 pndori
697 3530 737 3588 V.
