2384 3878
37 3618 72 3648 k

158 216 278 272 XXXIV
561 214 771 270 PRAEFATIO

179 336 182 342 ³
250 369 313 427 169
338 384 373 426 ea
396 367 451 426 dac
474 366 595 441 scripsi:
619 370 645 425 et
666 383 744 425 auae
767 365 850 424 codd.
879 365 915 424 cf.
939 383 983 423 ex.
1011 384 1056 441 gr.
1079 365 1175 424 Naza-

159 455 199 514 rii
225 473 335 532 paneg.
364 452 406 530 [p.
436 456 513 531 233,
537 456 556 512 3
581 454 626 513 cd.
650 450 748 528 meae]
773 447 896 513 ‘donum
922 453 1019 513 noctis
1049 453 1176 512 duceres

159 537 251 623 quod'
275 563 337 620 eqs.

251 634 315 692 179
336 632 520 691 memorabile
541 632 690 690 Bulaeus:
713 631 847 690 mirabile
869 630 953 689 codd.

251 720 313 780 175
338 721 426 792 fideres
447 719 604 779 Heinsius:
628 721 703 779 de'eea
726 718 809 779 codd.

252 810 314 868 181
339 809 446 868 deseris
467 810 522 868 tea
539 808 696 868 Heinsius:
714 809 817 868 desere
838 825 915 867 auae
938 807 1022 866 codd.

252 898 315 956 223
340 914 431 957 auem
448 888 512 977 (uel
536 888 659 998 33333)
683 897 801 972 scripsi:
826 897 944 955 auditas
966 894 1002 953 V.

259 988 321 1045 227
345 987 478 1045 samace
506 985 626 1063 scripsi:
658 1002 791 1045 remensa
817 985 855 1044 V.
900 977 1070 1044 remersat'
1097 983 1181 1044 Mad·

165 1075 278 1154 uigius.
324 1077 358 1132 at
379 1081 522 1149 praesens
545 1077 664 1149 tempus
687 1074 804 1132 nullum
826 1074 874 1132 hic
896 1073 995 1132 locum
1017 1073 1119 1132 habet.

254 1164 318 1222 228
342 1163 446 1220 malim
470 1156 682 1221 Eumenidum
704 1156 833 1223 chorus'.

253 1253 318 1310 230
340 1252 490 1324 uirtusque
512 1250 667 1310 Heinsius:
689 1253 796 1311 3333333
818 1252 855 1309 V.

255 1341 319 1422 233
339 1340 438 1413 placet
460 1344 544 1413 atque
565 1340 806 1415 Peerlkampius:
824 1342 996 1414 placeatque
1018 1339 1055 1406 V.

254 1430 318 1487 278
338 1431 485 1502 prensant
506 1429 569 1487 cod.
592 1428 771 1487 Burmanni:
789 1433 914 1504 preasca
934 1426 970 1486 V.

259 1517 322 1575 284
357 1534 401 1593 sq.
434 1521 461 1576 et
491 1518 619 1592 maspedis
650 1519 724 1576 ictas
754 1515 906 1577 Aesoniae.
949 1517 995 1576 133
1022 1516 1050 1573 V
1077 1515 1187 1589 tradit.

160 1605 214 1666 sed
236 1605 316 1664 enim
338 1604 438 1680 cuspis
460 1603 598 1665 Aesonia
618 1624 679 1664 non
704 1608 807 1682 potest
834 1605 894 1665 3113
922 1623 988 1665 3333
1016 1623 1107 1680 quam
1139 1604 1179 1664 ab

160 1695 281 1754 Aesone
307 1693 438 1752 derecta.
484 1694 599 1753 accedit
622 1695 660 1753 ad
683 1695 853 1772 aagendam
876 1694 1076 1771 suspicionem
1099 1693 1179 1770 quod

159 1782 284 1842 Valerio
317 1782 367 1841 hic
399 1800 517 1858 quoque
548 1782 728 1844 obuersatus
760 1788 808 1844 333
839 1784 938 1860 Maro,
975 1778 1055 1858 apud
1087 1801 1177 1859 quem

161 1867 235 1946 [VH
255 1867 332 1946 756]
357 1863 540 1930 ‘Dardaniae
562 1871 707 1931 medicari
730 1872 861 1950 cuspidis
884 1865 974 1931 ictus'
998 1875 1028 1930 et
1054 1868 1111 1946 [XI
1134 1871 1178 1932 40

161 1956 219 2036 sq.]
244 1952 365 2018 ‘uulnus
389 1959 520 2036 cuspidis
543 1955 707 2020 Ausoniac'
735 1962 857 2038 legitur.
902 1962 1004 2035 itaqua
1032 1978 1100 2019 curn
1128 1960 1178 2019 sat

160 2047 236 2106 mihi
258 2050 376 2106 3333333
402 2047 561 2106 librarium
588 2049 746 2126 archetypi
778 2049 937 2151 aliquando
967 2039 1176 2107 ‘Haemonius'

161 2139 192 2195 et
229 2127 402 2195 Aesonius'
438 2138 631 2211 permutasse
672 2129 769 2216 (cuius
805 2138 851 2197 rei
887 2137 1055 2248 exemplum
1092 2140 1180 2196 extra

161 2224 381 2284 dubitationum
403 2225 537 2300 positum
558 2225 684 2299 praebet
701 2224 760 2283 VH
781 2218 845 2305 17),
868 2226 1008 2300 rescripsi
1032 2219 1177 2301 cuspidis

159 2312 237 2372 ictus
261 2305 465 2372 Haemoniae.

252 2403 315 2460 222
339 2402 434 2461 labar.
458 2401 513 2459 laea
535 2400 637 2460 Thilo:
660 2403 794 2462 innatat
815 2402 850 2461 V.

252 2490 352 2550 2953
340 2490 443 2548 talisne
465 2488 621 2549 Heinsius:
645 2491 749 2550 3313333
770 2490 807 2550 V.

251 2580 315 2637 298
342 2578 377 2636 a!
399 2577 496 2635 333333
519 2575 633 2636 addidi:
657 2598 715 2638 om.
738 2579 774 2638 V.

252 2668 315 2726 328
341 2659 431 2741 ‘quin
461 2667 493 2723 33
525 2659 681 2727 thalamis'
709 2666 904 2727 Schenkclius
937 2668 1070 2727 coniecit.
1122 2667 1178 2727 sed

5 2792 9 2809 .
47 2816 58 2827 .
160 2754 317 2830 facillime,
340 2752 372 2811 ni
393 2753 497 2829 fallor,
521 2772 557 2812 ex
579 2774 608 2814 u.
632 2757 696 2815 327
721 2757 879 2833 suppletur
901 2757 977 2814 illud
1000 2749 1064 2816 ‘te'.

252 2800 317 2902 335
334 2799 514 2915 pecudesqale
535 2842 744 2905 Loehbachius
769 2843 864 2920 [IIp.
889 2842 936 2920 8]:
976 2846 1177 2919 pecudumque

160 2931 189 2988 V
212 2950 248 2991 ex
270 2923 500 3007 praecedente
502 2926 689 3008 canumque'.

251 3021 314 3079 336
338 3020 487 3120 funereae:
515 3020 572 3092 fert
595 3012 661 3100 (331
676 3014 767 3101 dat')
790 3023 909 3098 scripsi.
933 2998 1125 3098 funereaepae
1138 3023 1176 3085 V.

251 3109 314 3166 346
333 3102 453 3180 pareat:
448 3107 660 3210 Maduigius:
678 3113 812 3184 pareatis
833 3109 869 3169 V.

251 3197 314 3256 355
338 3195 461 3269 repellat
482 3196 600 3272 scripsi:
623 3200 787 3273 refdlatV
788 3244 794 3258 .

252 3285 314 3345 389
339 3286 403 3345 sats
424 3284 665 3361 Peerlkampius:
688 3305 756 3347 saeos
778 3288 814 3365 V.

251 3376 314 3434 392
338 3373 442 3433 malim
465 3366 538 3432 ‘fors
563 3369 691 3435 scaeua'.

249 3466 312 3522 411
339 3462 501 3524 massera
517 3458 720 3525 Burmannus:
744 3467 903 3525 arandara
925 3464 962 3524 V.

233 3553 305 3608 412
328 3551 438 3612 aalide
458 3551 493 3610 M
516 3569 535 3610 3
557 3572 599 3613 m.
623 3573 695 3615 sec:
723 3553 857 3614 33133333
874 3553 917 3611 V.
956 3553 1171 3613 1113333333
