2384 3878
14 136 27 155 ³
80 147 101 211 8
423 143 452 201 C.
471 144 609 199 vanum
626 142 756 199 FLACOI

82 313 158 375 quae
181 295 351 355 meminisse
371 294 456 354 iuuet
478 293 648 371 nostrisque
664 291 833 371 nepotibus
855 294 979 355 instent.

80 384 158 445 hanc
181 402 269 465 uero,
292 383 379 463 socii,
403 383 574 442 uenientem
596 383 628 441 in
651 381 739 442 litore
761 380 831 443 laeti
1048 392 1098 448 ete

82 472 220 535 dulcibus
243 472 389 550 adloquiis
412 470 541 549 ludoque
566 471 683 532 educite
707 465 846 533 noctem?

80 570 212 642 paretur.
258 559 339 621 molli
362 561 488 620 iuuenes
512 559 678 620 lrmduntur
696 561 728 620 in
751 559 815 638 alga

57 646 322 730 'conspicuusque
345 651 420 709 toris
443 647 624 727 Tirynthius
671 656 738 709 exta
760 649 890 709 ministri

82 748 166 819 rapta
189 737 277 799 simul
300 737 424 799 neribus
448 736 647 816 Cereremque
671 737 780 799 dedere
804 737 951 799 canistris.

170 827 291 905 lamque
315 827 415 888 aderat
437 843 554 887 summo
578 826 742 887 decurrens
765 828 879 887 uertice
903 824 1026 908 Chiron,
1048 836 1098 887 eoo

83 917 318 994 clamantemque
341 917 419 995 patri
441 915 547 994 procul
570 915 745 976 ostendebat
768 912 910 976 Achillen.

82 1014 117 1067 ut
138 1024 215 1086 puer
239 1006 274 1066 ad
293 1013 378 1066 notas
402 1013 536 1065 erectum
559 1003 647 1065 Pelea
669 1023 761 1065 uoces

82 1095 159 1156 uidit
182 1103 212 1156 et
234 1096 349 1172 ingenti
371 1093 544 1154 tendentem
566 1092 687 1153 brachia
709 1111 809 1174 passu,

83 1183 203 1245 adsiluit
225 1200 352 1260 caraque
377 1183 428 1242 diu
452 1184 570 1242 ceruice
593 1183 743 1261 pependit.

82 1272 166 1333 illum
188 1289 244 1331 nec
267 1270 366 1332 ualido
389 1272 556 1350 spumantia
578 1271 685 1350 pocula
707 1270 823 1331 Baccho
1048 1278 1100 1333 ito

83 1360 244 1422 sollicitant
261 1361 359 1427 ueteri
383 1377 438 1420 nec
462 1360 671 1438 conspicienda
694 1359 812 1420 metallo

83 1453 167 1530 signa
190 1456 306 1528 tenent3
330 1455 431 1526 stupet
453 1450 484 1508 in
508 1447 634 1509 ducibus
658 1465 856 1527 magnumque
880 1454 1023 1509 sonantes

82 1539 183 1600 haurit
202 1545 232 1598 et
250 1536 397 1598 Herculeo
421 1538 481 1597 lert
503 1540 669 1598 comminus
692 1555 744 1597 ora
766 1536 855 1599 leoni.

83 1627 178 1687 laetus
202 1633 232 1686 at
254 1625 390 1704 imphciti
412 1625 520 1685 Peleus
542 1629 621 1705 rapit
643 1625 744 1686 oscula
767 1627 829 1686 nati

84 1716 310 1794 suspiciensque
333 1713 435 1793 polum
454 1709 574 1792 ‘placito
597 1716 623 1774 si
646 1733 768 1775 currere
792 1713 887 1775 ductu
1049 1722 1100 1777 rot

82 1803 172 1865 Pelea
190 1797 294 1864 uultis'
318 1805 358 1864 ait
382 1798 560 1882 ‘uentosque
584 1811 687 1882 optare
711 1804 851 1885 ferentes,

84 1894 156 1974 hoc,
180 1893 295 1972 superi,
318 1900 437 1953 seruate
461 1899 558 1972 caput.
605 1900 638 1953 tu
661 1900 773 1973 cetera,
797 1891 918 1973 Chiron,

84 1982 121 2041 da
144 1981 224 2041 mihi.
270 1988 300 2040 te
323 1998 435 2059 paruus
459 1979 547 2040 lituos
571 1988 601 2041 et
624 1979 700 2042 bella
723 1981 894 2060 loquentem

85 2072 226 2149 miretur3
250 2067 305 2129 suh
329 2075 359 2129 te
382 2067 509 2148 puerilia
531 2068 590 2130 tela
611 2072 753 2148 magistro

85 2166 211 2220 uenator
234 2156 309 2218 ierat
333 2165 363 2218 et
386 2165 519 2218 nostram
541 2158 663 2218 festinet
685 2159 721 2219 ad
744 2152 878 2218 hastam?

85 2245 224 2308 omnihus
246 2245 316 2307 inde
338 2248 405 2306 uiae
429 2245 510 2307 calor
533 2247 663 2309 additus:
686 2249 730 2308 ire
753 2265 808 2326 per
831 2246 923 2309 altum

84 2353 190 2413 magna
212 2341 312 2396 mente
336 2335 450 2395 uolunt.
495 2334 598 2396 Phrixi
619 2337 805 2415 promittitur
828 2334 936 2397 ahsens

84 2423 182 2485 uellus
205 2430 236 2483 et
258 2424 369 2483 auratis
391 2422 470 2501 Argo
494 2425 627 2485 reditura
650 2424 806 2504 corymbis.

175 2510 226 2571 Sol
248 2513 310 2572 ruit
333 2518 363 2572 et
386 2519 482 2572 totum
504 2510 611 2592 Minyis
629 2513 807 2575 laetantibus
830 2513 927 2574 undae

87 2601 230 2661 diduxere
254 2600 341 2662 diem.
387 2609 569 2680 sparguntur
592 2600 679 2664 litore
704 2621 797 2663 curuo

85 2689 197 2751 lumina
220 2689 353 2750 nondum
376 2689 444 2750 ullis
468 2698 564 2752 terras
587 2693 782 2752 monstrantia
805 2692 913 2752 nautis.

85 2778 231 2838 Thracius
253 2778 302 2838 hic
325 2786 445 2838 noctem
467 2779 548 2839 dulci
570 2781 719 2842 testudine
744 2788 828 2841 uates

85 2865 226 2947 extrahit,
249 2875 284 2928 ut
306 2867 425 2927 steterit
446 2867 602 2928 redimitus
625 2877 759 2948 tempora
781 2870 865 2930 uittis

85 2954 213 3016 Phrixus
237 2963 268 3016 et
290 2956 415 3015 iniustas
438 2963 592 3017 contectus
615 2955 746 3018 nubibus
769 2975 835 3018 aras

86 3045 196 3122 fugerit
218 3042 290 3104 lnoo
313 3042 452 3123 llnquens
475 3044 649 3107 Athamanta
672 3045 819 3127 Learcho;

84 3150 195 3192 aureus
219 3140 252 3193 ut
274 3134 416 3193 iuuenem
438 3133 616 3196 mirantibus
639 3135 739 3196 intulit
761 3135 850 3196 undis

85 3229 239 3282 necteret
262 3221 410 3282 adstrictis
433 3231 467 3283 ut
490 3223 567 3283 sedit
590 3223 731 3285 cornibus
754 3223 846 3285 Helle.

85 3317 201 3390 septem
223 3310 338 3370 Aurora
361 3313 425 3371 uias
448 3312 630 3392 totidemque
653 3321 810 3393 peregerat
832 3311 953 3375 umbras

85 3397 168 3459 Luna
190 3398 258 3478 polo
282 3399 439 3478 dirimique
462 3401 568 3480 procul
590 3410 651 3466 non
674 3420 802 3482 aequore
826 3402 891 3464 uisa

85 3495 225 3566 coeperat
248 3490 399 3566 agemina
417 3488 570 3552 discedere
595 3490 698 3552 Sestos
721 3490 831 3570 Abydo.
