2384 3878
90 179 133 244 26
434 174 765 231 cynnamomum

90 336 125 390 ut
149 335 327 407 memorant,
350 342 494 406 prensum
516 326 580 404 ipse
600 326 697 386 comis
720 323 877 404 Neptunus
900 327 932 385 in
956 324 1051 387 altum

89 416 214 478 abstulit
235 416 440 497 implicuitque
463 414 549 475 uadis
571 416 740 493 totiensque
765 422 889 475 cruenta

89 505 167 569 mole
190 511 398 585 resurgentem
421 511 671 582 torquentemque
695 502 842 583 anguibus
865 503 960 564 undas

89 595 244 656 Sicanium
266 593 347 655 dedit
370 611 465 671 usque
490 593 601 653 fretum
624 610 752 672 cumque
776 591 902 652 urbibus
925 591 1051 655 Aetnam

89 683 192 744 intulit
215 701 267 743 ora
288 700 441 763 premens;
464 690 535 742 trux
557 681 606 742 ille
630 683 738 742 eiectat
761 681 842 742 adesi
1071 694 1105 743 30

90 772 282 834 fundamenta
304 773 380 852 iugi3
402 773 515 850 pariter
538 778 610 832 tunc
634 772 729 830 omnis
753 769 871 831 anhelat
975 768 981 780 '

90 861 257 943 Trinacria,
279 861 417 921 iniectam
440 861 520 920 fesso
544 860 615 921 dum
637 866 759 940 pectore
784 858 893 919 molem

90 958 260 1010 commouet
282 951 440 1030 experiens
462 951 634 1028 gemituque
657 949 776 1028 reponit
798 948 887 1008 inani.

135 1038 255 1118 lamque
278 1037 478 1119 Hyperionius
501 1047 595 1100 metas
618 1040 708 1098 maris
732 1044 819 1116 urget
841 1035 945 1099 Hiberi

91 1145 199 1188 currus
223 1135 253 1188 et
276 1135 399 1189 euectae
422 1145 517 1205 prono
540 1127 676 1188 laxantur
699 1125 830 1186 habenae

91 1215 226 1297 aethere,
250 1235 319 1277 cum
337 1215 448 1295 palmas
472 1215 584 1295 Tethys
607 1215 774 1295 grandaeua
798 1217 941 1294 sinusque

90 1304 212 1365 sustulit
234 1312 265 1366 et
287 1313 376 1385 rupto
400 1307 500 1365 sonuit
523 1323 607 1365 sacer
631 1322 760 1383 aequore
784 1303 879 1364 Titan.

92 1401 215 1454 auxerat
237 1393 311 1454 hora
334 1402 445 1475 metus,
468 1396 526 1455 iam
550 1413 581 1454 se
605 1395 752 1455 uertentis
776 1391 893 1472 Olympi

91 1489 125 1543 ut
149 1482 254 1543 laciem
276 1489 437 1563 raptosque
462 1483 550 1543 simul
573 1491 750 1561 montesque
774 1481 916 1560 locosque

91 1589 128 1631 en
151 1569 245 1631 oculis
269 1573 441 1650 circumque
465 1590 572 1650 graues
595 1571 698 1632 uidere
722 1568 869 1631 tenebras.

89 1660 155 1739 ipsa
179 1661 264 1738 quies
286 1678 390 1721 rerum
412 1660 574 1739 mundique
598 1660 715 1720 silentia
738 1667 853 1720 terrent

90 1755 229 1828 astraque
254 1757 284 1810 et
307 1750 408 1810 effusis
432 1749 566 1810 stellatus
585 1748 718 1810 crinibus
742 1747 852 1808 aether.

90 1853 125 1897 ac
148 1836 232 1900 uelut
254 1839 354 1917 ignota
379 1847 482 1918 captus
506 1840 627 1918 regione
651 1839 769 1899 uiarum

90 1928 281 2007 noctiuagum
305 1929 356 2006 qui
379 1929 473 2006 carpit
495 1930 553 1989 iter
576 1946 636 1989 non
660 1945 730 1987 aure
754 1926 889 2006 quiescit,

91 2031 152 2074 non
174 2014 283 2098 oculis,
306 2018 462 2093 noctisque
486 2024 584 2077 metus
607 2018 693 2094 niger
717 2022 805 2094 auget
827 2015 979 2091 utrimque

90 2120 212 2183 campus
235 2111 265 2164 et
288 2122 450 2165 occurrens
473 2103 588 2165 umbris
611 2103 772 2165 maioribus
796 2101 893 2183 arhor,

90 2190 169 2253 haud
192 2192 279 2254 aliter
301 2194 451 2274 trepidare
475 2196 542 2255 uiri.
589 2194 641 2255 sed
664 2200 785 2273 pectora
807 2192 929 2252 firmans

89 2276 255 2360 Hagniades
280 2278 352 2342 ‘non
374 2277 462 2343 hanc'
485 2285 583 2362 inquit
606 2278 682 2342 ‘sine
706 2283 828 2343 numine
850 2282 956 2360 pinum

90 2367 266 2452 derigimus,
289 2389 345 2432 nec
368 2389 415 2431 me
439 2379 555 2432 tantum
577 2370 711 2433 Tritonia
734 2387 841 2431 cursus

90 2457 212 2539 erudiit3
236 2477 324 2539 saepe
346 2461 411 2539 ipsa
433 2478 523 2521 manu
547 2460 664 2538 dignata
687 2461 818 2520 carinam
841 2467 895 2518 est.

89 2563 211 2608 annon
234 2551 362 2629 experti,
386 2546 504 2610 subitus
527 2566 596 2610 cum
618 2548 685 2610 luce
709 2548 809 2628 fugata

88 2633 206 2698 horruit
228 2635 323 2699 imbre
347 2633 432 2699 dies?
456 2640 587 2720 quantis,
610 2656 665 2718 pro
688 2637 835 2718 luppiter,
859 2637 968 2697 austris

89 2724 269 2787 restitimus!
293 2735 403 2806 quanta
426 2730 566 2807 quotiens
589 2746 627 2788 en
650 2726 776 2787 Palladis
799 2732 863 2786 arte

89 2813 240 2875 incassum
263 2815 394 2875 decimae
418 2816 526 2876 cecidit
548 2825 648 2877 tumor
671 2815 783 2876 arduus
806 2811 917 2874 undae!

94 2903 167 2980 quin
190 2904 281 2984 agite,
304 2922 321 2964 o
345 2905 430 2984 socii3
454 2906 543 2965 micat
566 2902 748 2964 immutabile
773 2902 888 2963 caelum

91 3007 225 3070 puraque
249 3010 305 3053 nec
328 2993 450 3072 grauido
474 2994 605 3054 surrexit
629 2991 753 3072 Cynthia
776 3010 879 3072 cornu,

90 3078 191 3140 nullus
213 3081 244 3140 in
267 3098 319 3142 ore
343 3081 448 3165 rubor,
471 3089 631 3160 certusque
654 3080 691 3141 ad
713 3080 782 3143 talia
805 3079 891 3141 Titan

9 3246 12 3251 Ι
89 3168 206 3248 integer
228 3171 259 3229 in
282 3169 391 3243 fluctus
415 3179 445 3233 et
467 3173 499 3231 in
522 3183 581 3232 uno
606 3169 715 3231 decidit
739 3188 820 3231 auro.

89 3255 178 3339 adde,
202 3259 282 3336 quod
304 3262 336 3320 in
359 3268 479 3321 noctem
501 3261 585 3321 uenti
607 3258 735 3338 ueloque
760 3260 894 3337 marique

89 3345 267 3409 incumbunt
290 3351 382 3429 magis
406 3357 436 3410 et
459 3350 557 3410 tacitis
580 3349 652 3409 ratis
676 3349 759 3409 ocior
781 3347 874 3410 horis,

89 3441 177 3513 atque
201 3436 274 3497 adeo
297 3457 357 3498 non
380 3437 428 3499 illa
452 3439 538 3516 sequi
560 3437 633 3498 mihi
656 3437 755 3498 sidera
776 3454 862 3498 mens
886 3444 954 3518 stat,

79 3538 160 3594 qllae
181 3524 303 3605 delapsa
320 3526 395 3608 polo
418 3527 517 3591 reticit
536 3544 617 3589 mare
641 3520 724 3611 (talis
747 3524 843 3586 Orion
