2384 3878
332 186 627 273 Ancouaumcou
645 188 806 244 nmmum.
1032 188 1075 254 33

56 346 89 398 et
112 339 181 416 fuga
203 337 339 397 diuersas
362 339 472 397 misero
497 337 664 416 quaerenda
688 356 742 417 per
767 345 854 398 artes.
1077 390 1079 394 ,

56 428 123 488 uisa
146 429 218 486 ratis
243 444 348 486 saeuae
372 426 487 486 defecta
512 425 664 486 laboribus
686 427 792 508 undae,
1021 439 1073 489 285

58 535 148 594 quam
170 514 289 575 Thetidi
311 515 472 594 longinqua
496 515 559 575 dics
583 513 752 594 Glaucoque
776 522 927 595 repostam

56 604 171 664 solibus
195 611 224 664 et
247 606 328 663 canis
351 603 457 664 urebat
479 603 549 664 luna
571 607 695 683 pruinis

56 692 117 753 huc
140 695 306 772 genitorem
330 692 404 752 altae
427 710 596 772 peropaca
620 693 736 753 silentia
760 695 856 753 noctis

57 783 251 860 praecipitem
274 781 359 841 siluis
382 784 460 860 rapit
483 790 513 842 et
537 784 579 841 sie
603 789 715 842 maesta
737 782 886 860 profatur:
911 850 915 857 ⁴

58 864 168 951 ‘quam
191 872 317 950 genitor,
339 873 473 950 patriam,
497 877 607 948 quanta
629 870 716 931 modo
741 870 850 949 linquis
874 871 970 930 inanis
1022 883 1073 933 290

56 958 136 1038 pube
156 957 271 1019 domos!
294 977 349 1038 pro
373 959 437 1018 dira
455 958 533 1039 lues,
556 977 610 1037 pro
635 961 730 1019 noetis
755 957 878 1018 acerbae

57 1046 195 1108 exitium!
219 1047 291 1107 talin
314 1065 437 1126 possum
461 1055 490 1107 te
514 1047 638 1107 credere
661 1050 771 1128 puppi,-

56 1155 125 1196 eare
149 1132 279 1215 parens?
301 1155 423 1215 possum
446 1139 536 1196 tantis
560 1139 690 1196 retinere
713 1132 856 1214 periclis?

57 1225 202 1286 soluimus
225 1224 284 1284 heu
308 1243 410 1285 serum
433 1226 506 1285 furti
530 1223 640 1285 scelus!
664 1224 760 1285 adnue
784 1227 873 1304 00110,

56 1315 139 1394 diua,
164 1314 344 1392 soporiferas
367 1330 442 1391 quae
466 1332 545 1373 nunc
569 1313 662 1373 trahis
686 1331 814 1392 aequore
839 1313 929 1392 bigas,
1020 1327 1072 1377 000

57 1420 117 1463 000
140 1401 280 1482 populoS‚
305 1419 364 1460 non
388 1401 448 1462 dite
472 1401 581 1482 solum,
604 1420 664 1460 non
688 1401 746 1462 ulla
768 1405 885 1480 parenti

56 1509 148 1570 regna
170 1497 254 1570 pet03
277 1491 372 1569 patria
396 1489 484 1550 liceat
506 1490 652 1550 decedere
676 1499 764 1551 terra.

57 1579 175 1659 quando
199 1597 253 1657 ego
278 1586 396 1639 seruato
420 1578 547 1639 mediam
570 1581 704 1658 genitore
728 1598 783 1658 per
806 1579 911 1642 urbem

56 1668 132 1728 laeta
156 1663 256 1727 ferar?
280 1667 398 1746 quando
420 1667 469 1727 hie
491 1667 627 1728 lacrimas
650 1668 846 1747 planctusque
871 1664 1014 1732 uidebo?'

57 1757 180 1817 dixerat.
224 1755 274 1815 ille
296 1755 402 1835 procul
425 1763 532 1817 trunca
555 1757 630 1835 fugit
653 1759 758 1817 anxius
781 1756 856 1835 alno,
1020 1769 1073 1817 300

57 1844 284 1923 Taurorumque
308 1844 389 1904 locos
413 1844 595 1948 delubraque
620 1862 708 1904 saeua
731 1843 840 1903 Dianae

57 1934 186 1995 aduenit.
231 1933 280 1993 hic
303 1932 423 1993 illumt
410 1935 491 1993 tristi
467 1933 580 2014 tr,dea
586 1933 754 2012 ,practicis
778 1950 845 1992 arae

56 2041 129 2082 ense
153 2022 233 2102 dato;
258 2040 340 2082 mora
362 2039 418 2081 nec
442 2023 531 2082 terris
555 1981 609 2081 tibi
632 2021 719 2100 longa
743 2022 884 2081 eruentis.

56 2114 117 2171 iam
139 2129 244 2171 nemus
267 2110 404 2191 Egeriae,
428 2111 486 2170 iam
509 2118 539 2170 te
563 2112 684 2171 ciett
645 2110 721 2171 altus
745 2109 780 2170 ab
805 2090 884 2170 Alba

56 2199 244 2278 luppitcret
231 2199 322 2259 tsoli
345 2218 405 2259 non
428 2202 509 2260 mitis
532 2199 630 2258 Aricia
653 2202 724 2277 regi
1007 2211 1073 2262 ’305

100 2288 207 2348 Arcem
230 2295 298 2347 nata
320 2290 407 2369 petit,
431 2306 490 2366 quo
514 2290 572 2348 iam
594 2306 700 2348 manus
724 2287 842 2348 horrida
866 2297 996 2349 matrum

55 2384 243 2456 congruerat.
288 2395 379 2435 rauco
402 2377 523 2436 fremitu
547 2377 652 2437 sedere
673 2384 832 2456 parentum

55 2473 254 2544 natorumque
277 2465 350 2525 locis
373 2483 547 2545 uacuaeque
570 2468 601 2524 in
625 2464 782 2526 moenibus
805 2463 889 2526 urbis

55 2557 122 2616 iura
145 2561 269 2634 nouant3
294 2554 405 2615 donant
428 2554 501 2613 solio
526 2557 712 2633 sceptrisque
735 2556 867 2632 paternis

56 2652 90 2705 ut
112 2646 248 2705 meritam
272 2641 458 2721 redeuntque
481 2645 547 2720 piae
571 2661 624 2701 sua
646 2644 777 2721 praemia
800 2643 901 2701 menti.
1019 2655 1071 2704 310

100 2732 178 2793 Ecce
201 2730 307 2810 procul
329 2729 435 2790 ualidis
458 2728 591 2789 Lemnon
614 2730 764 2790 tendentia
788 2730 879 2790 remis

55 2840 137 2882 arma
159 2828 276 2900 notant3
299 2821 414 2898 rapitur
437 2817 536 2879 subito
559 2821 661 2897 regina
684 2818 813 2879 tumultu

55 2909 274 2987 conciliumque
299 2916 394 2969 uocat.
440 2926 500 2967 non
523 2907 581 2967 illis
604 2908 691 2968 obuia
715 2907 773 2968 tela

55 2999 136 3060 ferre
160 3015 216 3058 nec
239 2997 364 3057 infestos
383 2996 467 3057 derat
490 2998 575 3057 furor
597 2996 741 3075 inprobus
764 2999 858 3075 ignes,

55 3091 86 3149 ni
110 3086 234 3148 Veneris
258 3104 362 3146 saeuas
386 3086 525 3164 fregisset
547 3084 691 3145 Mrdciber
714 3087 781 3143 iras
1019 3097 1073 3146 315

54 3186 127 3238 tunc
151 3178 240 3238 etiam
264 3183 349 3236 uates
371 3173 492 3234 Phoebo
517 3174 623 3234 dilecta
646 3173 755 3252 Polyxo

55 3259 132 3347 (non
155 3269 293 3347 patriam,
317 3283 377 3325 000
401 3272 482 3325 certa
505 3281 612 3343 geom,
636 3261 688 3322 sed
712 3269 754 3341 te,
779 3262 863 3320 anxia
888 3259 969 3342 Ceto,

55 3352 224 3432 Proteaque
248 3353 418 3432 ambiguum
441 3352 556 3412 Phariis
580 3352 638 3410 fert
661 3368 764 3410 rumor
783 3349 819 3409 ab
844 3353 938 3410 antris

53 3441 115 3501 huc
139 3443 256 3502 uexisse
280 3460 364 3501 suam
387 3443 497 3500 iunctis
521 3458 611 3517 super
635 3457 764 3517 aequora
786 3433 919 3520 phocis);

54 3529 128 3590 haec
152 3531 219 3590 imis
243 3549 274 3590 se
299 3527 399 3590 condit
423 3530 510 3608 aquis
534 3535 737 3609 cunctataque
755 3527 894 3608 paulum
1035 3536 1101 3580 ’000

108 3639 156 3678 Vol.
170 3640 274 3681 Flaccus.
875 3632 900 3678 ‘b
