2384 3878
488 183 702 239 PRAEFATIO.
1064 181 1099 234 [Χ

85 332 217 412 [Anthol.
241 331 290 394 lat.
314 331 347 394 ll.
372 332 384 391 Ι
407 350 435 411 p.
458 330 525 409 48].
550 367 592 374 -
617 332 668 392 sed
693 331 728 390 ad
743 330 892 391 Valerium
917 340 950 390 ut
973 329 1102 409 redeam,
1127 352 1130 357 ·

84 424 115 483 ln
146 421 207 482 line
241 419 331 482 liuius
364 421 503 482 editionis
535 419 630 483 adieci
662 418 793 481 tabulam
825 419 959 480 locorum
996 436 1101 478 eorum

85 508 195 590 quibus
218 507 268 569 ille
283 528 320 570 ex
334 506 463 589 Vergilio
485 509 614 588 pendeat
628 517 679 568 aut
702 515 784 567 certe
807 508 938 586 pendere
953 506 1099 567 uideatur.

85 616 183 678 neque
208 599 289 658 enim
310 596 391 659 illam
414 600 457 658 sie
481 599 575 675 accipi
598 597 676 677 uolo,
698 604 848 675 tamquam
868 594 1006 656 omnihus
1028 593 1102 654 locis

85 688 282 748 imitationem
311 704 382 746 esse
415 685 597 765 exploratam
625 693 743 765 putem;
776 687 865 744 immo
897 684 976 744 haud
1008 702 1102 762 pauca

85 774 163 857 loca,
194 776 227 835 in
256 792 331 853 qnae
359 774 439 853 quod
472 792 562 854 supra
595 775 631 834 de
664 772 856 834 similitudine
888 774 1009 834 fortuita
1042 772 1101 831 dixi

86 863 185 945 cadat,
208 881 257 923 me
279 862 398 924 dedisse
421 861 515 942 probe
539 864 616 943 sci03
645 863 697 923 sod
724 870 823 921 tamen
852 863 954 922 talium
982 878 1101 939 quoque

86 953 221 1014 locorum
243 950 415 1012 obseruatio
438 958 575 1012 accurata
600 969 684 1010 suam
706 949 795 1009 hahet
818 950 984 1010 utilitatem.
1018 967 1101 1028 prae-

86 1049 133 1101 ter
156 1039 318 1119 Vergilium
346 1058 419 1100 num
447 1039 519 1099 alios
546 1047 650 1118 poetas
678 1038 826 1098 Romanos
854 1040 1018 1098 imitatione
1052 1055 1100 1096 ex-

85 1131 231 1209 presserit
253 1128 401 1208 Volerins‚
426 1146 460 1188 ea
483 1146 533 1188 res
556 1127 714 1187 admodum
737 1129 852 1187 incerta
876 1136 929 1187 cst.
975 1143 1044 1185 nam
1067 1143 1102 1184 ex

86 1217 208 1298 Ouidio,
241 1219 292 1296 qui
325 1217 445 1296 quidem
474 1223 576 1276 certus
604 1217 643 1276 sit
666 1223 753 1294 atque
786 1214 986 1296 indubitum,
1018 1214 1103 1274 locus

86 1305 202 1367 adlatus
229 1313 275 1366 est
299 1304 408 1367 nullus.
438 1323 490 1364 ex
518 1304 637 1365 Lucano
666 1303 745 1381 [Vlll
775 1301 838 1365 176
868 1302 947 1382 sqq]
974 1310 1104 1382 ,possunt

85 1395 183 1455 uideri
210 1393 331 1455 fluxisse
362 1411 471 1454 uersus
498 1395 550 1471 qui
577 1394 717 1470 leguntur
744 1392 770 1451 ll
794 1389 926 1453 iil—65
955 1385 999 1474 (id
1024 1390 1103 1469 quod

84 1481 161 1544 bene
190 1482 266 1543 uidit
292 1481 500 1561 Weytinghius
528 1481 564 1541 ad
591 1480 709 1541 llomer.
739 1478 801 1540 Lat.
829 1501 856 1559 p.
885 1477 950 1541 329
987 1473 1045 1561 sq.)
1075 1488 1104 1539 ot

83 1573 174 1651 pauci
197 1570 255 1630 alii.

177 1658 269 1718 llulto
292 1667 392 1720 autem
414 1660 507 1737 magis
530 1666 576 1718 est
599 1659 730 1740 dubium,
754 1658 863 1737 quibus
883 1657 989 1718 Valerii
1013 1657 1103 1735 Argo-

87 1749 208 1807 nautica
243 1749 340 1826 poetis
375 1746 603 1825 insequentibus
641 1747 776 1827 exemplo
813 1747 926 1806 inerint
966 1755 996 1806 et
1032 1748 1104 1823 ipsa.

89 1853 161 1894 nam
185 1852 260 1912 quae
282 1834 347 1893 loca
369 1834 473 1896 Silium
497 1834 677 1896 aemulatum
705 1854 770 1895 esse
795 1833 991 1894 Schenkelius
1020 1840 1104 1911 puta·

93 1923 153 2002 uit,
190 1938 223 1980 ea
259 1939 334 1981 uero
369 1925 523 1983 maximam
555 1931 670 2002 partem
693 1921 790 1984 'nihili
835 1941 901 1982 esse
938 1923 1103 1981 rectissime

90 2011 208 2070 monuit
235 2026 332 2089 nuper
353 2008 541 2072 Hermannus
569 2012 700 2074 Blassius
726 2015 758 2072 in
781 2011 966 2072 Fleckeiseni
995 2009 1104 2070 annali·

88 2098 146 2159 bus
172 2097 210 2175 [a.
237 2095 322 2161 1874
342 2118 371 2178 p.
394 2097 461 2160 494
485 2098 572 2180 sqq.].
619 2121 713 2163 tinum
741 2102 868 2161 Statium
896 2100 945 2159 hic
973 2099 1046 2180 illic,
1073 2101 1104 2158 in

87 2187 254 2248 enarranda
281 2190 407 2248 maxime
441 2191 576 2250 uirorum
603 2189 830 2250 Lemniacorum
863 2188 965 2267 caede,
998 2186 1105 2247 Valerii

87 2274 238 2355 exemplar
266 2276 370 2338 sedulo
399 2277 576 2338 obseruasse
609 2287 732 2339 constat.
780 2295 847 2337 nam
880 2277 916 2336 dc
945 2275 1104 2337 Claudiano

86 2383 138 2425 res
166 2363 254 2425 dubia
282 2374 341 2446 est,
370 2384 549 2444 quamquam
576 2369 607 2426 iu
631 2367 783 2446 opusculis
811 2366 847 2426 de
872 2372 959 2445 raptu
983 2365 1105 2425 Proser·

86 2456 175 2533 pinae
199 2453 341 2513 nonnulla
363 2453 413 2514 ille
442 2472 502 2514 non
535 2457 599 2515 sine
633 2456 839 2516 recordatione
872 2463 977 2533 poetae
1009 2455 1106 2514 nostri

88 2543 245 2621 scripsisse
272 2550 381 2621 potest.
428 2543 480 2602 sed
509 2546 641 2604 onmium
669 2544 826 2604 salsissima
859 2550 904 2604 est
933 2541 1102 2603 Schenkelii

88 2629 127 2690 de
151 2628 272 2691 Claudio
295 2630 388 2690 llario
413 2629 531 2692 Victore
555 2631 663 2692 Valerii
686 2635 834 2692 imitatore
858 2633 966 2709 opinio.
1013 2647 1106 2689 tinum

87 2718 294 2779 tantummodo
317 2718 509 2780 Dracontium
533 2738 569 2779 cx
592 2721 704 2780 ultimis
726 2721 843 2799 imperii
862 2718 986 2778 Romani
1011 2720 1105 2797 scrip·

86 2806 204 2866 toribus
227 2809 300 2867 noui
324 2825 413 2886 quem
436 2806 586 2869 Valerium
605 2828 664 2869 non
680 2812 743 2870 sino
763 2810 863 2869 fructu
887 2807 995 2886 legisse
1013 2808 1109 2886 possit

89 2894 254 2975 adfirmari3
278 2903 360 2956 certe
383 2899 415 2956 in
440 2900 569 2957 carmine
592 2897 671 2957 illins
699 2898 736 2958 de
763 2906 851 2976 raptu
874 2896 964 2975 Hylae
988 2914 1107 2973 compo-

86 2985 146 3043 sito
169 2983 314 3062 quaedam
337 2984 497 3045 lectionem
519 2984 702 3046 Valerianam
726 2994 827 3065 aperte
851 2985 990 3064 produnt.

178 3070 376 3151 Argonautica
391 3075 480 3133 unico
496 3073 598 3134 codice
623 3075 737 3134 scilicet
760 3074 899 3134 Vaticano
919 3070 1004 3134 3277
1031 3092 1107 3134 saec.

86 3159 129 3221 IX
153 3158 191 3238 [V
195 3182 203 3241 3
227 3161 264 3221 de
288 3180 324 3221 eo
348 3163 385 3223 oi.
409 3161 494 3221 Thilo
517 3163 627 3242 proleg.
651 3182 679 3242 p.
704 3162 754 3221 XL
779 3161 856 3241 sqq]
886 3171 1046 3241 propagata
1070 3162 1105 3221 ad

86 3267 145 3309 nos
166 3258 382 3328 peruenerunt.
428 3269 464 3311 ex
493 3270 528 3311 eo
557 3253 635 3311 enim
658 3251 811 3312 fluxerunt
839 3268 908 3310 eum
935 3249 1011 3310 liber
1035 3250 1106 3309 San-

87 3336 230 3415 gallensis
264 3337 314 3415 [ci.
343 3338 429 3399 Thilo
453 3340 471 3400 l.
499 3339 517 3399 l.
550 3360 578 3418 p.
602 3338 676 3399 LXV
709 3339 797 3420 sqql,
830 3347 893 3400 tum
921 3341 1107 3398 recentiores

87 3426 209 3487 codices
240 3445 357 3508 omnes,
390 3431 469 3489 inter
502 3446 577 3506 quos
605 3428 790 3488 Monacensis
823 3447 847 3488 c.
875 3427 923 3487 lat.
954 3423 1019 3488 802
1048 3425 1106 3502 [ti]

86 3531 240 3575 summum
273 3518 388 3593 optinet
417 3517 525 3578 locum.
577 3535 613 3578 ex
651 3517 761 3581 eodem
790 3516 939 3578 introduc
972 3516 1129 3589 qroxxex'xxx
