2384 3878
379 775 415 860 Ο.
443 775 618 859 illuni
645 775 808 859 lincol

249 954 937 1057 ARGONAUTIOON

385 1144 540 1211 crana
563 1143 803 1211 oouuvus.

89 1486 294 1568 intrepidam
322 1488 353 1547 in
375 1486 511 1548 thalamis
533 1493 564 1546 et
586 1488 645 1547 iam
668 1505 721 1547 sua
743 1487 819 1547 lacta
840 1495 1001 1568 pauentem

90 1575 231 1638 Colchida
254 1577 333 1635 circa
356 1593 459 1636 omnes
481 1577 594 1654 pariter
616 1575 771 1654 furiaeque
793 1577 950 1655 minaequc

93 1666 186 1746 patris
208 1663 332 1745 hahent;
354 1682 411 1725 neo
434 1663 564 1725 caerulei
587 1666 675 1725 timor
698 1665 837 1743 aequoris
860 1664 947 1747 ultra,

91 1773 147 1815 nec
171 1755 297 1814 miserae
321 1760 402 1814 terra
425 1753 483 1813 ulla
506 1751 625 1834 procul;
649 1771 853 1832 quascumque
875 1772 932 1833 per
954 1753 1050 1816 undas

92 1845 170 1903 lerre
194 1843 306 1923 lugam,
330 1859 547 1920 quamcumque
572 1843 655 1921 cupit
676 1843 737 1902 iam
760 1841 903 1903 scandere
925 1861 1066 1924 puppem.
1089 1855 1105 1904 5

91 1931 195 1992 adtima
217 1932 362 2009 uirgineis
384 1939 457 1991 tunc
479 1929 555 1990 flens
578 1931 659 1991 dedit
682 1930 782 1991 oscula
805 1932 900 2013 uinis,

93 2037 227 2101 quosque
250 2019 326 2098 ingit
349 2017 492 2098 conplexa
514 2026 610 2101 toros,
634 2020 807 2098 crinemque
831 2037 981 2101 genasque

86 2116 161 2176 ,ante
185 2127 240 2188 per
263 2109 377 2187 antiqui
400 2110 511 2188 carpsit
533 2109 658 2186 uestigia
681 2110 786 2191 somni,

94 2205 182 2276 atque
206 2196 281 2257 haec
304 2198 440 2276 inpresso
464 2198 577 2275 gemuit
598 2197 765 2258 miseranda
788 2195 893 2258 cubili:

95 2280 124 2345 ‘o
148 2284 221 2345 mihi
244 2286 270 2344 si
292 2284 445 2367 profugae,
467 2287 598 2368 genitor,
620 2303 701 2347 nunc
723 2284 803 2346 mille
828 2288 984 2366 supremos
1063 2298 1110 2348 .10

96 2372 262 2455 amplexus,
285 2372 388 2454 Aeeta,
410 2373 497 2433 dares
519 2372 666 2454 fletusque
689 2374 809 2435 uideres

97 2480 168 2524 ecce
191 2458 287 2523 meos!
310 2480 348 2522 ne
372 2462 474 2544 crede,
496 2469 595 2546 pater,
617 2480 677 2522 non
701 2464 798 2523 carior
820 2461 869 2523 ille
893 2470 948 2545 est,

97 2568 187 2630 quem
211 2552 378 2631 sequimur;
401 2550 523 2612 tumidis
545 2553 660 2612 utinam
683 2551 770 2613 simul
793 2550 903 2611 obruar
925 2548 1028 2612 undis!

98 2648 146 2722 tu,
168 2657 290 2721 precor,
311 2639 385 2700 haec
407 2638 494 2718 longa
516 2639 649 2720 placidus
672 2657 740 2700 mox
763 2647 881 2718 sceptra
904 2646 1023 2700 senecta

22 2776 26 2781 .
99 2736 162 2789 tuta
185 2745 271 2806 geras
294 2728 459 2808 meliorque
482 2727 537 2789 tibi
561 2730 600 2790 sit
618 2736 718 2790 cetera
739 2722 859 2808 proles'
1080 2737 1113 2788 15

101 2816 174 2877 dixit
197 2822 229 2878 et
250 2815 413 2876 Haemonio
436 2834 598 2895 numquam
621 2816 789 2896 spernenda
811 2817 917 2877 marito

100 2905 218 2966 condita
238 2904 364 2966 letiferis
386 2906 497 2984 promit
519 2905 712 2967 medicamina
737 2906 829 2987 cistis,

100 2995 312 3074 uirgineosque
335 2995 419 3054 sinus
441 2996 599 3074 ipsumque
623 2993 731 3055 monile
754 2995 879 3054 crenenis

100 3081 289 3162 implicatae
313 3100 436 3143 saeuum
459 3100 550 3162 super
573 3081 711 3144 omnibus
735 3082 846 3144 addidit
869 3099 980 3142 ensem.

8 3186 11 3193 ·
100 3171 183 3253 inde,
206 3168 290 3231 uelut
312 3177 391 3231 torto
413 3169 572 3232 Furiarum
594 3177 694 3231 erecta
716 3170 830 3250 ilagello
1081 3181 1116 3232 20

100 3259 231 3340 prosilit:
254 3261 379 3319 attonito
405 3257 501 3337 qualis
522 3259 598 3338 pede
621 3259 738 3339 prosilit
760 3258 812 3320 Ino

95 3349 131 3405 1‘11
151 3347 231 3408 fieta
253 3365 311 3407 nec
332 3349 422 3428 parui
445 3348 579 3408 meminit
602 3350 764 3409 conterrita
787 3349 858 3428 nati,

79 3448 175 3506 quem
199 3442 301 3517 tenet‚·
325 3444 500 3500 extremum
523 3438 658 3500 coniunx
676 3437 790 3517 prendt
807 3437 919 3495 inritus
936 3433 1080 3495 isthmon.
