2384 3878
329 216 620 273 ARGONAUTICON
638 218 748 273 LIBER
765 219 839 273 viu.
1037 220 1100 285 149

86 383 175 446 quam
198 364 321 444 grauida
344 385 424 426 nunc
447 366 524 426 mole
547 365 642 427 iaces!
666 385 756 447 quam
773 369 878 446 segnis
901 370 1029 429 inertem

85 457 173 516 tiatus
195 452 297 515 habeti
321 473 377 515 nec
400 463 430 515 te
454 454 572 537 saltem,
594 455 776 536 miserande,
798 455 927 535 peremi!

84 545 144 605 heu
168 560 293 604 saeuum
313 562 438 623 passure
462 543 553 604 diem!
577 546 636 604 iam
649 541 739 606 'nulla
762 543 878 605 uidebis
1050 557 1102 609 100

85 631 216 712 uellera,
238 633 319 693 nulia
341 641 392 695 tua
415 631 559 712 fulgentia
581 632 657 693 dona
681 632 738 694 suh
761 632 875 694 umbra.

95 720 168 784 cede
191 721 265 783 adeo
287 723 378 801 inque
401 721 466 783 aliis
488 723 605 783 senium
627 739 707 783 nunc
730 722 832 802 digere
852 721 929 785 lucis

84 814 263 892 immemor,
286 829 353 891 oro,
376 813 449 871 mei:
472 828 527 871 neo
550 828 597 871 me
621 819 672 871 tua
696 809 780 870 sibila
803 818 866 872 toto

86 904 238 981 exagitent
258 901 367 960 infesta
390 901 473 960 mari.
519 899 572 960 sed
595 908 628 959 tu
652 916 771 978 quoque
795 907 928 981 cunctaS,

85 989 249 1070 Aesonide,
273 989 388 1049 dimitte
411 1005 530 1069 moras,
547 995 636 1068 atquc
660 989 756 1067 effuge
779 991 873 1068 raptis
1049 1000 1100 1050 101

85 1077 257 1142 uellerihus.
302 1078 416 1156 patrios
439 1079 551 1137 extinxi
573 1078 661 1137 noxia
684 1084 799 1157 tauros3

86 1170 254 1247 terrigenas
277 1168 309 1226 in
332 1165 392 1226 iata
414 1159 497 1246 dedi3
519 1166 620 1226 iusum
643 1183 713 1226 ecce
737 1165 874 1227 draconis

86 1274 197 1337 corpus
218 1253 323 1335 hahes,
345 1256 463 1334 iamque
486 1272 573 1315 omne
598 1254 693 1335 neias,
716 1255 788 1335 iam,
812 1273 914 1336 spero,
936 1250 1060 1334 peregi'

86 1347 242 1426 quaerenti
264 1351 336 1404 tunc
359 1342 465 1404 deinde
489 1345 581 1424 uiam,
605 1362 663 1423 qua
687 1362 718 1403 se
743 1343 854 1404 arduus
876 1343 966 1404 heros

85 1437 179 1496 ferret
202 1432 238 1493 ad
261 1433 415 1510 aurigerae
439 1439 528 1511 caput
550 1431 674 1512 arhoris,
698 1427 768 1513 <eia,
790 1451 845 1511 per
867 1435 967 1511 ipsum
1049 1444 1101 1494 110

86 1522 195 1584 scande
219 1540 271 1600 age
296 1529 328 1580 et
350 1520 478 1581 aduerso
501 1515 635 1599 gressus'
658 1523 699 1581 ait
723 1515 870 1600 ‘imprime
895 1515 1005 1580 dorso?

86 1631 142 1674 nec
166 1628 249 1672 mora
272 1611 314 1670 fit.
360 1608 448 1670 dictis
471 1609 565 1670 fidens
589 1608 727 1670 Cretheia
750 1609 850 1689 proles

87 1701 182 1763 calcat
205 1708 248 1780 et,
270 1700 380 1760 aeriam
402 1699 553 1779 quamuis,
575 1699 728 1778 perfertur
752 1699 787 1758 ad
810 1717 927 1780 ornum,

87 1793 173 1851 cuius
197 1786 437 1856 adhucrutiiam
460 1786 620 1848 seruabant
642 1786 762 1847 hrachia
784 1787 901 1868 pellem,

86 1877 217 1940 nuhihus
240 1878 373 1938 accensis
396 1876 522 1937 similem
545 1884 596 1938 aut
619 1894 687 1936 cum
710 1884 795 1936 ueste
818 1878 949 1936 recincta
1045 1885 1097 1936 115

88 1968 199 2028 labitur
222 1965 338 2026 ardenti
361 1963 571 2027 Thaumantias
593 1965 682 2026 obuia
704 1963 833 2027 Phoebo.

87 2057 212 2134 corripit
233 2062 367 2134 optatum
390 2053 483 2115 decus
505 2062 732 2134 extremumque
754 2053 886 2115 lahorem

85 2143 262 2224 Aesonides,
284 2143 447 2222 longosque
471 2143 528 2204 sihi
551 2151 663 2223 gestata
685 2162 740 2223 per
763 2161 856 2203 annos

85 2234 230 2294 Phrixeae
249 2238 440 2293 monumenta
463 2232 549 2311 fugae
573 2235 623 2292 uix
645 2231 775 2305 reddidit
797 2230 886 2291 arhor

87 2340 156 2384 cum
179 2324 291 2401 gemitu
314 2323 475 2400 tristesque
499 2339 590 2400 super
613 2323 711 2382 coiere
735 2319 885 2383 tenchrae.
1048 2332 1101 2383 120

87 2413 201 2491 egressi
224 2409 361 2489 relegunt
384 2427 503 2489 campos
527 2418 557 2472 et
578 2410 710 2472 fluminis
733 2428 785 2472 ora

88 2517 204 2561 summa
226 2506 341 2578 petunt.
383 2501 476 2560 micat
498 2503 594 2560 omnis
617 2518 700 2581 ager,
723 2499 861 2577 uillisque
885 2507 1050 2560 comantem

88 2590 214 2649 sidereis
236 2594 316 2648 totos
338 2587 446 2666 pellem
469 2606 550 2648 nunc
572 2587 670 2648 fundit
692 2591 723 2648 in
746 2596 838 2668 artus,

87 2696 168 2738 nunc
191 2679 223 2738 in
247 2675 322 2736 colla
344 2675 451 2756 refert,
474 2694 554 2737 nunc
577 2676 709 2755 imphcat
732 2675 782 2736 iile
806 2677 952 2736 sinistrae.

86 2765 153 2827 talis
176 2764 212 2825 ab
236 2764 363 2825 Inachiis
386 2763 513 2825 Nemeae
536 2764 710 2844 Tirynthius
732 2767 826 2826 antris
1046 2773 1098 2825 111

86 2854 160 2936 ihat,
184 2853 280 2915 adhuc
304 2863 408 2934 aptans
431 2856 544 2915 umeris
567 2856 715 2934 capitique
739 2854 864 2916 leonem.

87 2952 120 3004 ut
143 2959 217 3004 uero
241 2945 344 3025 sociis,
367 2946 419 3023 qui
441 2952 513 3004 tunc
536 2945 688 3024 praedicta
710 2943 851 3017 tenehant

87 3034 177 3114 ostia,
199 3030 380 3112 perlongus
403 3034 540 3111 apparuit
562 3050 671 3093 eureus
694 3032 824 3113 umbras,

87 3120 198 3181 clamor
221 3120 257 3181 ab
280 3119 443 3182 Haemonio
466 3123 563 3200 surgit
584 3139 688 3202 grege3
712 3139 744 3182 se
768 3137 887 3202 quoque
910 3119 1042 3198 gaudens

85 3218 244 3290 promouet
266 3209 302 3270 ad
324 3211 436 3289 primas
459 3211 562 3270 iuueni
584 3211 657 3272 ratis
681 3208 769 3271 obuia
792 3212 880 3289 ripas.
1048 3220 1100 3270 130

85 3301 265 3378 praecipites
287 3301 348 3378 agit
369 3297 419 3359 ille
442 3297 551 3378 gradus
574 3299 669 3378 adque
693 3317 783 3360 aurea
804 3300 886 3359 misit
1146 3290 1149 3297 ’

87 3396 170 3466 terga
192 3389 291 3470 prius3
313 3407 381 3449 mox
406 3390 530 3449 attonita
552 3406 621 3450 cum
644 3389 761 3467 uirgine
784 3404 915 3468 puppem

87 3475 179 3537 insilit
202 3492 236 3535 ac
259 3483 342 3555 rapta
365 3480 464 3541 uictor
487 3479 623 3539 consistit
645 3479 677 3537 in
699 3476 790 3538 hasta.

130 3563 248 3625 Interea
268 3568 384 3646 patrias
406 3585 520 3632 saeuus
540 3568 631 3631 uenit
645 3565 762 3628 horror
787 3564 832 3624 ah
849 3576 947 3621 aures
