2384 3878
338 212 631 269 ARGONAUTIOON
649 211 760 268 LIBER
776 212 837 268 VII.
1032 211 1095 276 133

26 377 29 381 '
81 364 164 425 illum
187 381 255 444 ego,
279 365 330 442 qui
354 363 427 424 diris
451 364 526 423 cinis
550 362 671 423 ultimus
694 361 824 422 haeserit
846 363 937 441 aruis,

81 469 222 533 ossaque,
245 453 312 531 quis
335 453 413 512 tauri
436 468 604 530 saeuusque
626 452 797 531 pepercerit
818 452 905 530 ignis,

81 559 246 621 conponam
268 540 428 619 sedemque
452 539 535 600 dabo.
581 540 625 600 fas
647 547 719 600 tunc
742 539 815 599 mihi
837 555 940 599 manes

82 630 221 691 dilexisse
245 631 305 690 uiri
327 629 502 708 tumuloque
525 629 579 690 has
601 627 728 689 reddere
752 622 860 689 curas?

125 765 254 826 flixerat.
300 782 370 827 ecce
394 773 461 826 toro
485 763 584 825 Venus
608 765 761 842 inprouisa
784 762 906 842 resedit,
1045 770 1098 822 210

81 856 161 916 sicut
184 862 248 915 erat
270 861 382 915 mutata
406 855 491 915 deam
514 854 698 931 mentitaque
721 854 810 931 pictis

80 941 217 1004 uestibus
239 950 271 1004 et
292 944 405 1022 magica
427 941 534 1003 Circen
557 940 692 1002 Titanida
714 942 807 1019 uirga.

80 1033 150 1113 ista,
173 1029 258 1092 uelut
279 1032 352 1092 lenti
375 1030 493 1093 fallatur
516 1031 642 1110 imagine
667 1031 772 1110 somni,

82 1122 125 1180 sic
150 1118 253 1181 oculos
276 1123 391 1181 incerta
413 1127 496 1181 tenet
519 1121 676 1199 magnique
700 1136 835 1180 sororem

80 1208 222 1288 paulatim
244 1216 329 1288 putat
352 1226 419 1270 esse
441 1211 548 1289 patris3
571 1216 636 1269 tum
658 1207 755 1268 flebile
780 1206 912 1287 gaudens
1043 1213 1095 1264 215

80 1296 220 1377 prosiluit
242 1315 408 1376 saeuaeque
432 1296 511 1358 ultro
534 1297 603 1358 tulit
626 1295 727 1358 oscula
751 1297 846 1377 dirrae,

81 1403 114 1446 ac
133 1387 230 1465 prior:
253 1381 283 1445 ‘o
307 1386 439 1466 tandem,
462 1388 513 1446 uix
535 1385 656 1446 tandem
677 1384 792 1445 reddita
816 1383 901 1444 Circe

82 1474 157 1535 dura
180 1476 254 1555 tuis,
278 1492 353 1553 quae
378 1481 407 1535 te
430 1473 539 1554 biiugis
563 1473 753 1552 serpentibus
776 1474 836 1551 egit

80 1562 150 1622 hinc
174 1559 268 1641 fuga?
291 1581 405 1643 quaeue
429 1562 486 1624 fuit
507 1564 613 1642 patriis
635 1580 719 1623 mora
742 1563 853 1640 gratior
877 1555 960 1620 oris?

81 1658 150 1711 ante
173 1658 204 1711 et
227 1650 414 1712 Thessalicae
438 1650 547 1712 Phasin
569 1653 684 1730 petiere
708 1652 826 1711 carinae
1045 1658 1098 1710 220

80 1756 195 1818 perque
219 1746 264 1799 tot
287 1739 389 1800 infelix
411 1740 523 1800 frustra
545 1740 621 1800 uada
639 1741 724 1800 uenit
746 1738 842 1820 lason,

81 1845 170 1906 quam
193 1829 306 1906 patriae
330 1837 360 1889 te
384 1830 478 1888 mouit
501 1822 604 1888 amor?
650 1835 715 1888 tum
739 1834 839 1887 cetera
861 1826 974 1904 rumpit

80 1916 272 1994 occurritque
295 1915 408 1977 Venus:
432 1912 477 1977 ‘tu
500 1934 581 1977 nunc
604 1914 676 1976 mihi
700 1933 788 1976 causa
811 1916 929 1975 iliarum

80 2003 155 2064 sola:
179 2011 247 2064 triae
270 2007 359 2065 uenio
384 1999 596 2089 (iampridem
619 1998 726 2087 gnara)
749 2007 905 2084 iuuentae;

80 2099 180 2152 cetera
201 2110 290 2172 parce
315 2095 401 2172 queri
424 2112 483 2155 neu
506 2112 554 2154 me
574 2085 699 2154 'meliora
723 2100 855 2154 secutam
1043 2100 1095 2152 225

80 2198 185 2260 argue3
208 2183 318 2260 quippe
342 2175 391 2263 (ut
414 2184 472 2242 iam
495 2189 674 2261 reputentur
696 2198 821 2242 munera
843 2172 962 2262 diuum)
1032 2236 1036 2240 .

80 2268 219 2329 omnihus
243 2268 324 2329 hunc
346 2271 447 2349 potius
470 2287 659 2331 communem
682 2267 890 2330 animantibus
904 2267 1017 2349 orbern,

80 2375 254 2417 communes
278 2365 308 2418 et
331 2359 420 2419 crede
444 2359 525 2420 deos.
569 2361 696 2439 patriam
719 2359 788 2420 inde
811 2365 929 2439 uocato,

80 2463 138 2524 qua
161 2444 239 2506 redit
262 2447 344 2524 itque
368 2447 440 2508 dies.
486 2466 542 2508 nec
565 2466 634 2530 nos,
657 2467 674 2509 o
698 2455 779 2530 nata,
802 2447 928 2525 maligna

78 2533 185 2594 luserit
208 2533 265 2593 hoc
290 2553 349 2594 uno
374 2554 492 2614 semper
511 2535 567 2596 suh
590 2536 702 2614 frigore
725 2537 839 2596 messis.
1044 2545 1097 2596 230

81 2622 125 2681 fas
150 2620 223 2681 mihi
246 2639 307 2681 non
329 2621 456 2705 habiles,
480 2623 524 2683 fas
548 2631 578 2684 et
600 2622 656 2684 tihi
678 2623 814 2703 linquere
838 2621 972 2682 Colchos.

79 2717 110 2770 et
133 2727 214 2770 nunc
237 2709 360 2771 Ausonii
383 2713 513 2771 coniunx
536 2730 591 2791 ego
614 2713 695 2791 regia
718 2711 790 2794 Pici,

79 2815 135 2858 nec
158 2797 231 2858 mihi
253 2797 436 2860 flammiferis
459 2799 583 2861 horrent
605 2799 647 2860 ihi
670 2819 780 2880 pascua
802 2804 905 2884 tauris,

79 2904 185 2966 meque
209 2887 295 2948 uides
317 2888 409 2949 'fusci
432 2888 582 2949 dominam
605 2891 704 2950 maris,
751 2899 780 2952 at
803 2891 858 2953 tihi
881 2894 1001 2971 quinam

79 2973 284 3056 Sauromatae,
307 2977 487 3059 miseranda,
510 2974 617 3056 proci?
640 2981 689 3039 cui
712 2979 798 3040 uadis
819 2979 930 3040 Hibero
1043 2993 1100 3045 236·

78 3056 123 3144 (ei
145 3058 246 3146 mihil)
270 3064 320 3125 nel
338 3083 428 3126 saeuo
452 3067 582 3126 coniunx
604 3084 665 3126 non
688 3085 747 3128 una
770 3063 916 3130 Gelono?'

121 3195 173 3256 llla
197 3196 268 3257 deae
293 3205 397 3258 contra
415 3197 587 3260 iamdudum
610 3217 753 3278 spernere
775 3219 880 3283 uoces3

76 3280 149 3344 ‘non
172 3286 213 3345 ita
236 3303 283 3345 me
306 3288 502 3346 inmemorem
524 3304 646 3367 magnae
669 3285 839 3350 Perseidos’
862 3291 959 3369 inquit

76 3368 203 3453 ‘cernis,
226 3380 260 3433 ut
282 3373 385 3435 infelix
408 3373 552 3436 thalamos
575 3394 630 3455 ego
653 3394 742 3456 cogar
764 3380 796 3438 in
817 3377 891 3440 illos.

75 3464 99 3542 i,
121 3478 244 3543 precor,
268 3463 364 3542 adque
387 3471 472 3525 tuum
494 3482 550 3543 pro
573 3483 620 3525 me
645 3466 759 3527 dimitte
782 3469 936 3527 timorem.
1039 3483 1105 3524 *xm

74 3549 127 3610 sed
150 3551 244 3632 magis
267 3549 314 3645 his
338 3553 496 3641 miseram,
519 3555 643 3637 quando
663 3563 777 3638 potos,
795 3556 888 3631 cripe
909 3549 1018 3619 anxa„
