2384 3878
300 192 593 250 ARGONAUTICON
610 195 720 251 LIBER
736 195 784 249 VI.
1005 195 1067 259 121

52 342 233 426 agminibus,
257 342 344 403 modo
368 347 501 423 cognatis
520 354 651 406 ostentat
673 344 803 405 Achiuis.

53 433 148 512 adque
172 433 227 493 bos
250 435 281 493 in
304 433 401 493 medio
425 432 494 493 duri
516 433 687 495 discrimine
710 431 780 493 belli
1017 445 1071 495 545

53 520 194 583 caedibus
217 522 308 600 inque
331 522 405 600 ipsis
428 522 560 600 gaudens
583 522 634 584 ubi
654 510 729 584 uidit
751 521 847 603 lason,

55 604 176 671 ‘macte'
200 612 241 670 ait
264 606 293 671 ‘o
317 616 455 671 nostrum
478 629 573 690 genus
596 620 627 673 et
649 615 707 673 iam
731 620 813 672 certa
835 629 967 690 propago

53 699 170 760 Aeoliae
195 716 250 758 nec
273 701 361 778 opina
384 698 503 780 domus3
527 708 571 760 sat
594 718 698 780 magna
721 699 857 762 laborum

54 789 131 849 dona
154 788 232 867 sero,
255 789 326 848 satis
348 787 406 846 hoc
429 789 497 848 uisu
516 806 720 869 quaecumque
743 783 897 869 rependo?

54 877 181 945 dixitet
204 877 236 935 in
260 875 372 936 Sueten
397 879 554 955 magnique
577 880 608 937 in
632 878 691 938 sata
715 877 852 957 Ceramni
953 908 957 919 ι
1017 886 1072 938 tto

56 966 182 1026 emicuit
206 964 393 1043 clipeumque
417 972 518 1025 rotans
541 965 622 1027 hunc
644 967 755 1045 poplite
779 983 865 1025 caeso

56 1055 159 1134 deicit,
182 1052 267 1113 illum
289 1055 389 1132 aperit
412 1052 471 1114 lato
494 1072 549 1132 per
571 1061 677 1134 pectus
700 1054 790 1116 hiatu.

55 1143 152 1221 Argus
176 1149 338 1220 utrumque
362 1140 398 1202 ab
422 1144 507 1220 equis
530 1144 643 1222 ingenti
666 1145 792 1224 porrigit
816 1160 888 1203 aruo

56 1241 85 1291 et
113 1230 259 1291 Zacorum
285 1239 315 1290 et
337 1229 480 1311 Phalcen,
509 1232 640 1309 peditem
667 1233 759 1312 pedes
785 1230 886 1292 haurit
913 1230 1076 1291 Amastrin.
1164 1244 1170 1255 ’

57 1321 210 1398 sanguinis
233 1318 281 1378 ille
306 1318 409 1397 globos
432 1321 585 1399 effusaque
608 1323 726 1382 uiscera
749 1329 845 1400 gestat
1019 1329 1076 1380 tta¹

55 1406 200 1469 barbarus
224 1416 254 1467 et
278 1425 360 1467 cassa
383 1408 525 1468 frendens
548 1407 716 1469 sublabitur
739 1411 791 1469 ira.

56 1497 106 1557 dat
129 1495 224 1557 Calais
247 1495 401 1556 Barisanta
424 1500 491 1557 neci
515 1514 692 1576 semperque
715 1499 898 1577 propinquas

55 1584 169 1664 Riphea
192 1584 290 1646 uenali
313 1587 503 1646 comitantem
526 1587 669 1666 sanguine
691 1604 806 1666 pugnas

57 1667 194 1756 (centnm
217 1673 292 1734 lecta
315 1672 406 1734 boum
428 1674 554 1736 bellator
577 1694 711 1756 corpora,
734 1682 855 1736 centum

55 1771 161 1842 pactus
185 1780 291 1842 equos3
315 1762 362 1822 his
384 1763 433 1822 ille
457 1765 584 1823 animam
606 1763 763 1842 lucemque
786 1763 924 1842 rependit
1019 1772 1078 1822 560⁴

57 1851 200 1932 crudelis5
223 1851 343 1911 tandem
366 1851 468 1912 dulces
491 1853 550 1912 iam
573 1870 676 1913 cassus
699 1855 730 1913 in
754 1869 841 1912 auras

56 1941 179 2019 respicit
203 1958 236 2000 ac
258 1939 339 2001 nulla
363 1941 478 2000 caelum
501 1940 666 2020 reparabile
689 1933 786 2021 gaza);

57 2027 176 2090 labitur·
190 2030 318 2090 intortos
341 2047 395 2109 por
418 2038 552 2110 tempora
575 2029 693 2091 caerula
716 2031 814 2090 crines

57 2127 129 2178 tnnc
154 2136 272 2197 quoquc
296 2127 429 2180 materna
452 2118 569 2180 uelatus
592 2119 757 2180 harundine
781 2117 911 2177 Peucon.
970 2122 972 2131 ‘

57 2216 87 2266 at
110 2209 246 2285 genetrix
268 2210 336 2269 imis
358 2210 471 2287 pariter
493 2208 617 2269 Maeotis
640 2206 676 2268 ab
696 2209 788 2268 antris
1020 2213 1077 2264 aas

56 2294 192 2374 impleuit
214 2297 355 2377 plangore
379 2295 460 2358 lacus
484 2304 644 2376 natumque
668 2298 796 2378 uocauit,

57 2390 116 2449 iam
139 2405 199 2449 non
221 2407 277 2468 per
295 2389 388 2469 ripas,
411 2388 470 2448 iam
492 2404 553 2447 non
575 2405 630 2468 per
653 2404 746 2448 curua
769 2385 918 2446 uolantem

60 2486 164 2556 stagna
186 2496 242 2538 neo
266 2481 296 2539 in
320 2479 418 2542 medio
441 2487 629 2543 truncantem
652 2493 799 2538 marmore
823 2492 938 2535 ceruos.

57 2567 190 2648 Eurytus
212 2567 369 2631 Exomatas
393 2574 452 2649 agit
475 2587 621 2648 aequore·
658 2567 793 2626 Nestoris
815 2562 916 2623 bastae

59 2660 229 2718 immoritur
251 2661 423 2737 primaeuus
446 2657 541 2738 Helix,
564 2675 619 2716 nec
643 2654 740 2714 reddit
763 2659 859 2711 amato
1020 2659 1076 2709 ato

59 2748 242 2808 nutrimenta
264 2751 342 2826 patri
365 2746 509 2808 breuibus
532 2754 653 2824 ereptus
677 2745 708 2803 in
731 2742 824 2801 annis.

60 2845 89 2895 at
112 2833 254 2897 Latacum
276 2836 437 2918 Zetemque
461 2836 585 2917 Daraps3
608 2833 692 2895 illum
714 2831 824 2909 excipit
846 2829 939 2912 basta,

60 2923 109 2983 hie
133 2924 222 3006 fugit,
244 2928 397 3005 ingentem
421 2926 511 2987 subiti
535 2944 603 2987 cum
626 2923 778 3003 sanguinis
800 2920 912 2983 undam

60 3013 136 3074 uidit
160 3024 190 3075 et
213 3023 346 3076 extremo
370 3015 499 3076 lucentia
522 3023 643 3094 pectora
666 3013 755 3074 semo.

105 3101 183 3163 Ecce
207 3113 306 3165 autem
329 3107 424 3165 muris
447 3104 582 3165 residens
605 3103 707 3164 Medea
729 3102 862 3181 paternis
1024 3112 1075 3162 ott

61 3191 177 3270 singula
200 3193 271 3254 dum
291 3195 390 3272 magni
413 3193 520 3254 lustrat
543 3195 704 3254 certamina
727 3189 797 3251 belli
1052 3202 1054 3209 ·

61 3280 157 3360 adque
180 3281 235 3342 hos
257 3284 322 3362 ipsa
344 3281 450 3362 procul
473 3282 565 3342 densa
587 3284 618 3343 in
642 3281 766 3360 caligine
789 3297 876 3358 reges

61 3373 195 3448 agnoscit
218 3374 393 3451 quaeritque
417 3371 490 3431 alios
512 3370 625 3432 Iunone
649 3373 797 3450 magistra,

61 3463 208 3539 conspicit
231 3462 393 3520 Aesonium
415 3460 501 3538 longe
526 3470 628 3541 caput,
652 3477 686 3518 ac
710 3455 798 3519 simul
821 3475 905 3518 acres

59 3548 120 3607 huc
144 3549 246 3610 oculos
269 3566 437 3630 sensusque
459 3549 558 3612 relert
579 3551 779 3627 animumque
797 3548 978 3614 iuuentem,
1046 3549 1109 3592 aas
