2384 3878
230 219 237 241 ι
339 203 631 259 ARGONAUTIGON
649 204 758 259 LIBER
775 205 847 261 Vlll
1041 207 1104 271 155

90 371 145 414 nec
169 371 293 414 numero
317 355 457 432 quoniam
480 352 597 414 Colchis
620 372 676 414 neo
699 353 849 434 puppibus
872 372 992 434 aequos.
1051 368 1103 417 330

90 460 160 520 ergo
184 441 235 502 ubi
258 442 327 503 diua
348 449 429 502 ratos
452 441 628 521 hostemque
651 443 793 504 aooedere
815 445 921 524 carsit,

89 532 153 610 ipsa
176 529 256 591 subit
279 539 375 591 taoras
395 538 667 611 tempestatumque
689 531 828 611 refringit
876 584 878 590 .

89 628 309 698 uentorumque
332 618 444 682 domos.
468 619 626 681 uolnerum
648 639 723 699 gens
746 619 864 681 turbida
886 620 1014 682 fratrum

90 710 233 789 erumpit,
257 708 382 770 classem
406 707 510 770 dextra
534 708 674 770 Saturnia
694 716 854 771 monstrat.

88 795 205 877 uidere,
228 798 318 875 inque
342 815 435 859 unum
454 798 570 876 pariter
591 815 673 858 mare
696 799 834 877 protinus
857 815 961 858 omnes
1050 809 1102 858 325

87 885 199 945 infesto
222 885 350 946 elamore
373 893 467 947 ruunt
488 887 667 965 inimicaque
691 885 809 947 Colchis

87 991 218 1054 aequora
241 981 272 1035 et
293 973 436 1035 aduersos
459 982 595 1036 statuunt
618 994 634 1035 a
657 975 744 1036 litore
766 973 885 1036 lluotus.

132 1062 260 1124 Tollitur
280 1070 370 1142 atque
394 1064 473 1124 intra
495 1063 607 1142 Minyas
630 1064 785 1143 Argoaque
809 1062 874 1123 uela

89 1150 196 1231 Styrus
219 1151 315 1232 adest;
338 1159 425 1213 uasto
448 1171 555 1214 terreus
576 1151 687 1214 desidit
704 1153 791 1215 hiatu

87 1238 212 1319 abrupta
235 1198 391 1302 reuolutus
414 1259 498 1320 aqua.
543 1243 661 1321 iamque
684 1244 781 1303 omrris
803 1242 835 1301 in
858 1248 937 1302 astra
1050 1253 1102 1301 330

85 1331 170 1407 itque
192 1329 330 1408 reditque
353 1331 426 1390 ratis
432 1331 606 1411 ,lapsoque
628 1333 814 1413 reciproca
804 1329 898 1391 fluctu

87 1417 251 1479 deseendit
296 1424 383 1478 uorat
403 1416 461 1478 hos
484 1426 603 1498 uertex,
626 1418 680 1479 hos
704 1419 819 1498 agmine
842 1425 906 1478 toto

87 1524 198 1586 gurges
221 1508 289 1586 agit
335 1506 449 1568 simul
441 1526 473 1567 m
496 1506 598 1568 uultus
621 1509 711 1568 mioat
733 1505 865 1585 undique
888 1513 995 1586 terror,

86 1595 193 1656 erebra
215 1597 302 1656 ruina
324 1594 385 1675 poli
407 1595 546 1657 caelestia
567 1595 669 1657 limina
691 1596 777 1657 laxat.

86 1702 148 1745 non
171 1691 270 1745 tamon
292 1683 425 1746 ardentis
449 1684 529 1764 Styri
552 1685 693 1746 uiolentia
716 1685 804 1746 aedit.
1048 1694 1101 1744 335

85 1771 224 1835 hortatur
246 1775 344 1834 socios
367 1773 464 1834 media
486 1776 566 1834 inter
586 1774 700 1852 proelia
721 1774 845 1834 diuum:-

87 1856 261 1922 ‘transseret
284 1880 355 1940 ergo
378 1880 460 1923 meas
483 1865 514 1922 in
537 1880 613 1941 quae
637 1862 718 1924 uolet
740 1859 848 1941 oppida
870 1861 955 1921 dotes

80 1947 227 2011 Colchis?
251 1957 281 2010 et
303 1949 484 2013 Haemonius
507 1950 593 2013 nobis
616 1951 758 2012 suecedet
781 1944 919 2011 adulter?

86 2057 143 2099 neo
167 2038 239 2100 mihi
262 2046 307 2099 tot
328 2057 451 2119 magnos
473 2042 553 2102 inter
576 2058 722 2120 regesque
745 2056 914 2121 procosque

85 2128 235 2207 profuerit
257 2146 351 2208 prona
373 2128 452 2190 haud
475 2128 558 2191 dubii
578 2131 729 2190 sententia
751 2123 866 2208 patris?
1048 2138 1102 2186 340

86 2235 125 2278 an
148 2219 246 2278 uirtus
268 2216 399 2296 pmolata
418 2219 481 2278 uiri
504 2226 603 2278 estet
626 2218 732 2279 sontior
754 2217 813 2296 ille,

86 2324 177 2384 quem
200 2301 358 2384 sequitur?
379 2308 500 2385 iungam
520 2306 666 2386 igniferos
688 2307 753 2368 sine
777 2306 907 2366 carmine
932 2311 1044 2384 tauros,

86 2411 235 2473 saeuaque
258 2392 395 2456 Echionii
416 2395 498 2456 ferro
523 2403 585 2456 sata
605 2413 771 2475 persequar
793 2393 888 2474 hydri.

86 2482 143 2543 hoo
167 2482 240 2544 adeo
263 2485 378 2544 interea
400 2493 501 2564 speota
523 2484 561 2545 de
583 2484 670 2546 litore
694 2502 808 2564 pugnas

89 2571 258 2652 amborum,
281 2574 406 2633 uictoris
422 2575 503 2653 -eris3
526 2575 584 2634 iam
608 2572 695 2651 digna
719 2571 835 2632 uidebis
1048 2581 1101 2630 345

86 2659 213 2741 proelia,
235 2663 353 2739 iamque
376 2660 449 2721 illud
472 2679 575 2721 carum
598 2668 687 2739 eaput
709 2662 754 2721 ire
773 2667 898 2720 eruenta

87 2748 144 2810 suh
167 2749 258 2829 treta,
282 2751 416 2811 semiuiri
438 2767 494 2810 neo
516 2767 620 2810 murra
642 2766 751 2828 eorpus
774 2747 889 2828 adriui,

87 2836 141 2898 sed
163 2839 239 2917 pice,
262 2838 314 2899 sed
337 2838 472 2919 flammis,
495 2845 541 2899 set
563 2837 671 2899 olentis
694 2837 838 2918 sulphure
861 2837 968 2897 crines.

89 2944 144 2987 uos
167 2926 254 2987 modo
277 2926 328 2990 uel
350 2927 446 2989 solum
469 2927 526 2988 hoc
548 2927 659 2989 liumus
682 2925 819 3007 expellite
844 2943 963 3006 oonpus,

87 3032 149 3074 non
171 3021 214 3097 te,
236 3016 327 3077 Aeeta
349 3024 443 3098 pater,
465 3018 569 3095 generi
590 3024 651 3096 aut,
676 3015 726 3076 Sol
749 3033 864 3094 magne,
885 3011 1017 3092 pudebit.
1050 3023 1102 3074 350

88 3100 196 3164 fallor?
217 3123 254 3165 an
277 3104 333 3166 hos
355 3104 442 3166 nobis
464 3107 579 3184 magico
602 3123 683 3165 nuno
706 3104 837 3165 carmine
860 3109 969 3163 uentos

87 3194 152 3273 ipsa
175 3203 276 3256 mouet
303 3194 426 3274 diraque
444 3193 524 3255 leuat
547 3196 640 3256 maria
663 3193 755 3254 ardua
777 3186 898 3271 lingua?

87 3290 178 3361 atque
202 3285 313 3346 iterum
334 3282 511 3364 Aesonides,
533 3285 644 3346 iterum
667 3280 838 3343 detenditur
861 3288 934 3360 arte,

89 3388 148 3449 qua
171 3369 269 3433 solet?
291 3372 363 3434 haut
385 3371 427 3432 illi
451 3379 555 3433 cantus
573 3380 609 3433 et
626 3370 729 3434 futtile
753 3387 889 3432 mmmm

89 3458 232 3536 proderit
276 3462 321 3525 ite
323 3469 448 3542 ,rates,
470 3468 503 3522 et
525 3461 652 3540 frangite
675 3461 802 3563 uirginis
825 3436 955 3520 undam?
1049 3467 1103 3518 355

88 3545 163 3609 dixit
185 3556 214 3609 et
237 3508 357 3612 intortis
380 3551 463 3613 sooio
486 3569 560 3614 oum
578 3548 797 3612 militaremus
