2384 3878
372 199 664 258 ARGONAUTIOON
681 203 790 258 LIBER
807 204 829 259 I.
1068 208 1113 274 23

88 366 290 429 arcanumque
304 351 398 425 *neias
422 359 452 412 et
475 349 572 412 adhue
594 353 745 432 inoognita
767 351 820 414 leti

89 456 156 498 sors
180 446 331 522 superest,
355 440 422 501 date
445 439 542 501 fallaci
563 439 737 520 pudibunda
760 449 898 504 senectae
1056 456 1109 508 806

88 528 179 588 exitia
200 528 418 608 indecoresque
442 528 550 591 obitus.
596 547 656 590 non
678 530 772 592 Marte
795 548 852 592 nee
876 534 960 593 annis

88 623 140 677 aut
163 619 224 677 nati
246 618 357 696 praedo
379 617 429 679 ille
452 620 512 679 mei
535 619 673 698 dignatus
696 626 731 680 ut
753 637 895 700 umquam

90 722 163 766 ense
187 706 285 787 oadat3
309 709 382 787 quin
404 707 462 768 fida
484 725 604 789 manus,
627 710 700 788 quin
724 726 796 769 eura
815 728 940 771 suorum

88 793 209 873 diripiat
231 794 402 876 laceretque
426 814 530 858 senem
552 815 608 857 neo
631 796 764 859 membra
788 797 947 878 sepulchro

89 890 234 963 contegat.
280 883 353 946 haee
376 893 479 946 noster
502 885 538 946 de
561 904 631 965 rege
655 886 771 966 piaoula
794 889 914 966 sanguis
1054 899 1109 950 810

88 980 186 1032 sumat
209 981 239 1033 et
261 972 320 1034 heu
343 976 461 1036 iunctae
486 992 559 1054 quas
581 975 663 1035 misit
685 977 716 1034 in
739 992 869 1053 aequora
893 970 1018 1054 gentes?

86 1063 283 1138 tergeminam
306 1071 370 1124 tum
392 1062 488 1142 placat
511 1081 593 1124 eram
617 1063 792 1143 Stygiasque
817 1082 958 1143 supreme

88 1147 226 1210 obsecrat
248 1153 316 1230 igne
340 1153 444 1213 domos
467 1154 606 1213 iamiam
631 1151 779 1213 exorabile
803 1151 923 1227 Airerno

87 1255 209 1298 carmen
223 1257 326 1320 agens3
349 1243 543 1321 nequeenim
566 1249 634 1302 ante
658 1241 741 1302 leues
760 1243 846 1321 niger
864 1243 965 1304 auehit
983 1240 1105 1304 umbras

86 1329 217 1406 portitor
240 1335 271 1389 et
293 1332 410 1390 nimiae
434 1331 539 1409 primis
562 1339 642 1391 stant
665 1329 800 1392 faucibus
824 1330 903 1392 Oroi.
1052 1341 1105 1393 815

88 1414 202 1477 adstitit
226 1424 256 1477 et
278 1419 364 1497 nigro
388 1419 533 1479 fumantia
555 1417 661 1499 poeula
679 1417 748 1479 tabo

88 1505 213 1584 contigit
235 1507 300 1585 ipsa
323 1509 407 1586 graui
430 1506 588 1568 Furiarum
611 1508 737 1568 maxima
760 1507 877 1587 dextra3

87 1590 129 1652 illi
153 1593 239 1654 auide
263 1603 420 1675 exceptum
443 1599 555 1676 pateris
578 1595 705 1657 hausere
729 1614 877 1658 eruorem.

176 1681 224 1744 Fit
246 1683 359 1765 fragor5
382 1687 559 1765 inrumpunt
581 1685 696 1746 foribus
720 1687 772 1764 qui
795 1703 884 1746 saeua
907 1683 1044 1746 ferebant

86 1771 212 1849 imperia
235 1778 265 1832 et
288 1776 408 1834 strictos
431 1776 521 1835 iussis
544 1773 694 1852 regalibus
719 1793 814 1834 enses.
1051 1784 1107 1835 820

86 1858 118 1919 in
140 1859 237 1921 media
260 1863 319 1922 iam
341 1870 438 1923 morte
462 1880 549 1922 senes
572 1863 755 1941 suffectaque
779 1861 839 1922 leto

86 1945 199 2008 lumina
222 1957 252 2010 et
275 1950 399 2011 undanti
422 1958 614 2011 reuomentes
636 1958 720 2030 peste
746 1968 884 2011 eruorem

87 2039 289 2119 conspiciunt5
310 2042 467 2119 primoque
491 2040 597 2101 rudem
620 2039 676 2100 suh
699 2038 800 2101 limine
824 2057 928 2100 rerum

86 2131 130 2206 te,
153 2144 243 2207 puer,
266 2135 297 2188 et
318 2130 384 2189 uisa
405 2128 566 2208 pallentem
588 2136 685 2190 morte
708 2136 867 2209 parentum

87 2212 239 2294 deripiunt
262 2216 432 2297 adduntque
455 2220 524 2279 tuis.
569 2218 675 2297 procul
698 2216 816 2277 horruit
838 2214 937 2276 Aeson
1049 2224 1104 2277 826

86 2303 234 2365 excedens
257 2323 478 2385 memoremque
502 2305 570 2367 trdit
593 2305 648 2366 sub
672 2304 802 2366 nubibus
825 2303 970 2365 umbram.

176 2390 302 2454 Cardine
326 2394 381 2456 suh
405 2403 508 2457 nostro
532 2394 682 2474 rebusque
706 2393 821 2455 abscisa
844 2394 983 2474 supernis

86 2478 222 2541 Tartarei
246 2482 330 2544 sedet
353 2484 418 2545 aula
440 2487 548 2566 patris,
571 2503 632 2545 non
655 2483 704 2543 illa
722 2485 823 2544 ruenti

84 2585 243 2630 accessura
265 2571 347 2653 polo,
371 2575 481 2634 [rictam
504 2575 531 2634 si
552 2572 677 2634 uoluere
700 2571 810 2632 molem

431 2659 609 2738 *³⁸*

85 2747 200 2824 ingenti
222 2749 299 2808 iacet
322 2767 374 2808 ore
399 2748 507 2829 Chaos,
531 2750 610 2828 qnod
633 2748 766 2828 pondere
790 2748 899 2808 fessam
1051 2757 1106 2808 831

84 2836 240 2896 materiem
262 2835 438 2918 lapsumque
461 2846 551 2918 queat
574 2854 752 2899 consumere
775 2835 929 2898 mundum.

84 2921 133 2982 hio
157 2927 292 3002 geminae
315 2945 440 2988 numero
463 2934 581 3008 portae,
605 2945 732 3007 quarum
755 2926 848 2987 altera
871 2925 948 2986 dura

85 3028 204 3091 semper
227 3013 292 3093 lege
314 3023 419 3095 patens
442 3016 568 3096 populos
590 3033 736 3094 regesque
760 3020 907 3094 receptaq

85 3107 130 3159 ast
154 3100 240 3163 aliam
263 3110 409 3184 temptare
432 3105 515 3166 neias
539 3113 569 3166 et
591 3104 714 3164 tendere
739 3111 856 3163 eontra:
1050 3110 1105 3162 835

85 3205 153 3249 rara
176 3199 206 3250 et
229 3201 335 3271 sponte
357 3201 452 3275 patet,
476 3193 620 3273 siquando
643 3198 765 3272 pectore
790 3191 898 3250 ductor

85 3277 212 3339 uulnera
234 3289 304 3342 nota
327 3301 448 3363 gerens,
471 3281 561 3361 galeis
583 3282 713 3362 praefixa
736 3282 870 3358 rotisque

83 3368 135 3426 oui
158 3367 264 3430 domus
287 3378 338 3432 aut
360 3371 492 3433 studium
515 3370 655 3432 mortales
677 3369 789 3450 pellere
814 3386 911 3449 ouraS,

83 3453 165 3517 culta
187 3456 275 3540 fidas,
298 3458 384 3540 longe
408 3469 506 3521 metus
530 3460 625 3539 adque
648 3461 749 3539 ignota
772 3456 893 3538 eupid03

83 3559 139 3604 seu
162 3548 246 3609 uenit
268 3549 299 3608 in
322 3551 407 3611 uittis
430 3557 571 3631 castaque
593 3549 628 3610 in
648 3555 738 3611 ueste
760 3545 922 3609 smerdes,
