2370 4374
48 39 1148 295 n

83 493 146 556 120
433 493 462 547 C.
481 493 617 548 venunt
636 491 776 548 nuncet,

124 643 243 722 lamque
267 641 371 722 Getae,
394 644 511 721 iamque
534 644 631 703 omnis
654 640 747 704 Hiber
770 641 982 724 Drangaeaque
1005 646 1098 706 densa

80 743 177 810 strage
202 732 280 792 cadit
302 730 379 810 legio
403 738 433 792 et
456 731 521 792 latis
545 735 747 809 prosternitur
770 734 860 793 aruis.

81 823 245 882 semineces
269 819 462 899 duplicesque
487 821 566 880 inter
589 838 643 880 sua
665 819 723 881 tela
747 837 878 900 suosque

80 913 159 971 inter
182 927 275 988 equos
299 926 417 969 saeuam
440 910 550 968 misero
573 908 733 970 luctamine
757 919 880 970 uersant
1044 923 1098 973 515

82 1001 253 1078 congeriem
276 1006 306 1057 et
329 996 424 1075 longis
449 1015 570 1077 campos
593 995 773 1077 singultibus
797 999 919 1077 inplent.

81 1090 213 1149 uictores
237 1088 366 1165 patrium
389 1094 494 1146 contra
515 1104 627 1166 paeana
650 1085 755 1148 Geloni

82 1178 304 1256 congeminant3
328 1174 431 1235 eadem
455 1176 582 1236 redeunt
605 1193 672 1235 mox
696 1175 802 1253 gaudia
824 1177 922 1258 515115,

83 1285 141 1345 qua
164 1266 238 1326 deus
261 1273 291 1324 et
314 1263 419 1324 melior
442 1262 512 1325 belli
536 1266 667 1342 respexit
691 1266 795 1344 imago.

128 1355 201 1425 Quis
225 1353 300 1414 tales
324 1352 423 1413 ohitus
447 1352 576 1433 dederit,
600 1354 666 1430 quis
690 1352 757 1413 talia
781 1354 866 1435 sacta,
1049 1365 1101 1415 515

83 1443 131 1504 dic
155 1461 222 1524 age,
245 1450 338 1520 tuque
362 1441 418 1502 leri
443 1443 647 1521 reminiscere,
671 1440 768 1522 Musa,
792 1441 911 1502 luroris.

84 1532 227 1612 Absyrtus
251 1529 339 1609 clipei
362 1530 452 1590 radiis
476 1547 627 1608 curruque
651 1548 796 1591 coruscus

85 1620 162 1681 Solis
186 1620 233 1679 aui
257 1613 358 1701 (cuius
382 1616 549 1679 uibrantem
572 1620 738 1680 comminus
760 1618 874 1680 hastam

85 1727 207 1770 cernere
232 1725 287 1768 nec
310 1706 421 1785 galeam
443 1715 548 1787 gentes
569 1715 694 1787 potuere
717 1710 888 1788 minantem,

86 1799 137 1859 sed
160 1798 293 1877 trepidae
317 1796 426 1857 cedunt
442 1804 480 1872 et
503 1815 591 1858 uerso
615 1797 740 1856 uulnera
763 1805 848 1875 tergo
1053 1811 1105 1861 515

86 1888 235 1965 accipiunt
258 1887 430 1964 magnisque
454 1886 552 1965 lugam
576 1883 753 1948 clamoribus
776 1878 901 1968 augent)

86 1978 212 2056 proterit
235 1973 356 2053 inpulsu
379 1977 479 2052 grauis
502 1978 616 2055 agmina
640 1992 823 2056 corporaque
847 1973 914 2036 51115

87 2066 194 2126 sternit
218 2066 303 2143 equis
326 2066 513 2143 gemitusque
536 2068 646 2145 premit
669 2067 808 2145 spirantis
831 2065 941 2126 acerui.

88 2173 143 2215 nec
166 2154 263 2214 leuior
286 2154 445 2214 comitatur
468 2156 561 2236 Aron,
584 2155 736 2217 horrentia
759 2156 845 2217 cuius

88 2242 216 2303 discolor
240 2260 320 2302 arma
344 2260 434 2321 super
458 2243 686 2322 squalentesque
710 2262 778 2305 aere
801 2242 929 2304 lacertos
1054 2254 1107 2303 525

87 2330 241 2391 barbarica
264 2329 394 2410 chlamys
417 2332 502 2393 ardet
524 2350 579 2394 acu
604 2334 821 2412 tumefactaque
844 2340 937 2393 uento

88 2421 191 2500 implet
214 2438 339 2500 equum,
362 2419 447 2498 qualo
471 2423 501 2482 in
525 2424 620 2482 roseis
644 2423 666 2482 it
689 2421 809 2483 Luciler
833 2420 895 2502 alis,

89 2528 178 2589 quem
201 2509 300 2570 Venus
323 2509 442 2569 inlustri
465 2510 573 2589 gaudet
596 2511 759 2590 procedere
783 2509 874 2572 caelo.

89 2608 119 2659 at
141 2617 201 2658 non
225 2599 292 2659 inde
317 2597 605 2680 procul-Rambelus
625 2608 655 2661 51
678 2618 747 2659 5551
770 2598 879 2660 Otaxes

89 2687 273 2766 dispulerant
297 2683 615 2768 Colchos'pariterque
639 2687 782 2766 inglorius
805 2688 919 2768 1115155,
1058 2700 1108 2749 555

90 2776 192 2837 fraude
218 2794 295 2836 noua
319 2772 434 2836 stabula
458 2785 487 2836 et
511 2779 600 2837 furtis
624 2779 764 2839 adsuetus
787 2774 890 2837 inultis

90 2865 270 2946 depopulare
293 2882 413 2944 greges,
440 2863 568 2927 lroutem
592 2885 660 2927 cum
683 2864 824 2926 cornilius
847 2866 930 2927 auxit

89 2956 225 3036 hispidus
248 2957 338 3035 inque
363 2953 410 3015 del
434 2953 520 3016 latuit
543 2961 659 3015 terrore
679 2953 796 3033 Lycaei.

90 3046 146 3105 1155
169 3055 241 3105 1555
265 3046 408 3106 5115111155
432 3045 506 3104 15515
531 3043 672 3104 defixerat
694 3042 805 3103 hostes.

91 3152 179 3213 quem
203 3133 327 3194 simulac
351 3142 420 3193 nota
444 3131 601 3193 formidine
625 3130 702 3192 bella
724 3140 896 3191 mouentem
1056 3145 1107 3194 555

90 3219 166 3284 uidit
189 3224 284 3302 Aron,
308 3218 443 3302 ‘pauidos
466 3215 509 3281 te'
531 3221 629 3299 inquit
652 3216 744 3281 ‘nune
767 3237 835 3280 rere
859 3221 1020 3299 magistros

92 3322 122 3372 et
145 3310 284 3372 stolidum
307 3311 429 3391 petiisse
453 3327 554 3388 pecus.
602 3327 662 3369 non
684 3327 793 3388 pascua
817 3326 872 3368 nec
896 3306 952 3368 bos
990 3338 993 3343 Δ

92 3400 140 3459 hic
163 3400 229 3481 tihi;
253 3400 409 3462 nocturnis
432 3400 516 3459 mitte
540 3397 613 3459 haec
637 3397 794 3459 simulacra
817 3399 940 3478 rapinis,

93 3507 169 3551 neue
193 3488 282 3549 deum
304 3488 377 3550 mihi
400 3488 493 3568 flngc3
517 3487 592 3548 dens
615 3505 735 3567 quoque
760 3504 887 3547 consere
910 3479 1067 3547 dextram?

93 3583 135 3640 sic
159 3579 212 3657 ait,
234 3578 407 3656 intentaque
432 3576 565 3637 adiutum
587 3575 699 3636 missile
722 3574 821 3654 planta
1059 3584 1112 3634 545

93 3669 201 3747 derigit
223 3675 253 3726 et
275 3667 365 3745 lapsis
387 3672 550 3744 patuerunt
573 3663 699 3725 uulnera
721 3663 810 3725 uillis.

93 3776 148 3818 uec
172 3757 270 3816 minus
294 3754 387 3815 Aeolii
409 3752 510 3833 proles
533 3753 635 3813 Aeetia
658 3751 762 3813 Phrixi

87 3846 190 3905 fertur
211 3853 242 3905 et
263 3846 327 3925 ipsa
351 3845 457 3905 herens
479 3860 514 3903 ac
538 3859 570 3902 55
594 3840 683 3902 modo
705 3839 784 3901 15515
804 3839 922 3919 11515515
