2384 3878
485 210 700 267 PRAEFATIO.
1049 213 1104 268 VII

82 361 283 424 adhiberetur.
329 358 466 439 exemplo
499 377 564 422 rem
590 359 766 421 inlustrabo.
818 368 977 440 postquam
1009 364 1101 441 igitur

82 460 168 531 pater
191 449 306 512 Ennius
329 448 412 527 [ann.
435 446 515 527 266]
540 449 628 511 dixit:

172 557 241 600 mox
264 539 383 600 auterre
405 538 511 600 domos
532 539 636 618 populi
658 556 783 600 rumore
805 541 948 616 secundo,

83 628 155 691 illud
179 623 312 689 ‘rumore
335 623 481 689 secundo'
504 630 535 688 in
554 635 616 689 tota
629 630 714 708 poesi
727 627 871 708 dactylica
884 647 945 690 non
968 630 1101 707 positum

83 720 208 779 inuenis‘
235 719 294 779 nisi
330 720 362 777 in
398 717 457 777 sme
489 735 598 778 uersus
631 717 803 778 hexametri.
854 721 897 778 sic
933 717 1041 778 Sueius
1069 719 1100 777 in

85 807 243 887 annalium,
266 808 324 867 nisi
348 805 448 886 fallor,
471 805 548 866 libro
572 804 595 863 V
620 803 766 883 [Lucilius
790 805 835 867 ed.
854 805 886 866 Ιι.
900 806 938 868 Μ.
961 825 990 886 p.
1005 803 1100 884 311]:

173 928 215 938 --
238 895 380 974 redeunt,
404 896 540 954 referunt
562 893 631 955 laeti
653 911 778 955 rumore
799 888 974 976 secundo*)

84 992 115 1044 ct
137 982 283 1062 Vergilius
308 982 386 1059 [Vlll
410 979 481 1058 90]:

173 1091 244 1152 ergo
267 1075 325 1133 iter
346 1075 499 1151 inceptum
522 1079 669 1151 peragunt
691 1087 815 1131 rumore
837 1073 970 1131 secundo

83 1169 114 1222 et
137 1161 278 1222 Horatius
303 1161 403 1240 [epist.
426 1159 439 1220 l
465 1157 515 1240 10,
538 1157 588 1236 9]:

173 1268 248 1329 quae
272 1269 327 1311 uos
350 1250 386 1309 ad
410 1250 525 1309 caelum
548 1250 662 1309 effertis
685 1266 810 1309 rumore
831 1250 966 1310 secundo

83 1347 114 1400 et
138 1338 316 1400 Claudianus
341 1337 446 1417 [epith.
470 1336 540 1397 Pall.
565 1346 595 1397 et
619 1336 679 1396 Cel.
703 1334 775 1412 63l:

173 1430 297 1488 secessit
320 1429 403 1504 regio
422 1445 482 1505 quo
505 1444 565 1485 non
588 1443 712 1486 rumore
734 1426 877 1486 secundo.

82 1535 190 1596 paruum
199 1523 299 1576 autem
309 1513 450 1576 credibile
461 1522 507 1575 est
516 1522 567 1574 aut
572 1513 735 1592 Vergilium
744 1513 940 1573 Horatiumue
952 1511 1041 1571 Ennii
1051 1511 1100 1572 uel

33 1641 38 1647 ι
84 1605 158 1665 Suei
172 1613 222 1665 aut
232 1603 424 1665 Claudianum
434 1603 548 1663 Horatii
558 1601 608 1663 ucl
618 1601 739 1681 Vergilii
752 1603 845 1662 fuisse
855 1600 931 1661 hene
941 1618 1099 1681 memores,

84 1712 155 1753 cum
182 1701 328 1771 ponerent
360 1692 432 1752 illud
464 1687 597 1753 ‘rumore
626 1686 779 1752 secundo’.
834 1692 924 1751 immo
956 1692 1099 1750 memoria

83 1800 119 1841 ac
143 1781 358 1842 consuetudine
382 1790 464 1841 certa
487 1778 630 1841 formulae
654 1779 733 1841 illius
758 1779 844 1840 sedes
867 1787 936 1840 nata
958 1787 1012 1840 est.
1053 1781 1097 1839 in-

85 1885 210 1927 numera
246 1876 346 1927 autem
383 1871 447 1927 eius
483 1868 562 1946 quod
600 1869 688 1927 modo
725 1871 955 1930 commemoraui
992 1869 1098 1930 similia

85 1954 221 2032 exempla
256 1963 382 2034 possunt
414 1956 521 2015 afferri.
576 1974 652 2034 quae
685 1975 753 2017 cum
784 1959 909 2017 maxima
946 1977 981 2018 ex
1012 1966 1096 2036 parte

83 2044 231 2103 Antonius
254 2043 398 2123 Zingerle,
420 2043 509 2103 lromo
532 2043 667 2125 diligam,
689 2048 720 2105 in
743 2045 819 2106 libro
843 2065 903 2106 non
926 2046 1025 2107 inutili
1048 2049 1097 2106 cui

81 2134 261 2211 inscriptum
285 2139 331 2192 est
355 2127 491 2193 ‘Ouidius
515 2132 575 2193 und
599 2135 664 2194 sein
679 2133 861 2211 Verbaltniss
885 2154 922 2195 ru
945 2136 1003 2196 den
1025 2133 1095 2194 Vor-

79 2227 216 2300 gaingern
257 2222 319 2282 und
355 2219 579 2301 gleichzeitigen
616 2223 788 2284 romischen
825 2218 980 2284 Dichtern'
1018 2241 1096 2282 com·

80 2312 232 2390 posuerit,
259 2309 428 2389 singillatim
457 2329 633 2372 enumerare
656 2315 775 2393 omitto,
806 2312 863 2372 hoc
891 2321 990 2373 tamen
1020 2311 1095 2371 addo

80 2416 138 2458 nee
162 2397 360 2477 Zingerleium
382 2401 454 2459 satis
477 2399 649 2460 distinxisse
672 2400 882 2461 similitudines
905 2402 1043 2460 fortuitas
1067 2407 1096 2460 et

80 2505 132 2547 eas
155 2490 333 2548 imitationes
357 2506 431 2567 quae
456 2489 592 2549 consulto
561 2488 746 2567 tdataque
775 2506 866 2566 opera
894 2495 965 2547 sunt
992 2489 1095 2548 factae

77 2576 117 2636 ad
141 2593 214 2654 quas
236 2578 295 2636 iarn
317 2585 511 2636 transeamus

170 2664 255 2735 Quod
284 2666 320 2723 dc
344 2664 459 2723 Nasone
487 2671 616 2722 testatur
640 2663 752 2720 Seneca
776 2660 843 2718 rhet
831 2666 878 2718 tor
907 2658 948 2738 [p
972 2658 1028 2741 27,
1054 2660 1097 2722 14

81 2749 264 2830 Kiessl.:]“
256 2761 356 2830 itaque
380 2752 487 2810 fecisse
510 2749 594 2808 illum
623 2748 733 2825 quaed
725 2767 756 2807 m
779 2745 864 2806 mult
842 2754 882 2806 trs
909 2747 973 2807 aliis
1001 2752 1095 2829 uersi·

79 2841 138 2902 bus
165 2840 286 2920 Vergilii
318 2840 443 2918 fecerat,
476 2855 536 2897 non
569 2835 754 2915 subripiendi
782 2854 883 2918 causa,
915 2837 967 2897 sed
1000 2823 1096 2917 palam

79 2923 325 3012 aemulandi**),
348 2928 405 2987 hoc
433 2929 531 2987 animo
555 2935 589 2987 ut
611 2926 703 2986 uellet
726 2921 872 3007 agnosci',
905 2926 934 2986 id
967 2925 1003 2985 de
1031 2934 1095 2987 toto

79 3019 137 3078 hoc
161 3020 335 3078 imitationis
358 3016 456 3076 studio
481 3015 640 3076 dicendum
665 3025 718 3077 est.
764 3019 863 3094 itaque
892 3022 925 3075 ut
948 3014 1095 3094 Vergilius

152 3188 332 3256 ²¹⁶)troditum
357 3189 401 3242 est
424 3187 527 3257 petita
549 3203 659 3242 rumore
687 3185 832 3253 seeundo,
855 3188 931 3255 quod
955 3189 1094 3258 corrigere

78 3259 183 3315 studui.
219 3262 336 3329 postea
353 3258 429 3312 enim
447 3275 519 3327 quae
533 3257 689 3328 supradixi
702 3274 784 3312 nemo
803 3258 860 3311 iam
879 3261 986 3314 cumL.
1006 3260 1094 3314 Muel-

78 3332 140 3386 lero
158 3331 253 3386 locum
270 3329 481 3413 transponendo
497 3329 615 3384 sanabit.

135 3400 176 3470 **)
197 3401 362 3455 emulandi'
384 3401 494 3470 scm'psi:
516 3400 666 3455 ‘mutandi'
688 3400 767 3455 codd.
799 3400 858 3455 sine
877 3417 971 3468 sensu3
992 3402 1093 3457 ‘mutu-

77 3472 158 3598 land?
175 3472 390 3598 ,Kiesslingium
426 3474 502 3527 recte
534 3473 630 3540 utique
665 3472 688 3525 si
719 3472 833 3526 ‘uerbis’
864 3490 918 3539 nno
943 3443 1095 3522 ‘x'xm'ums

91 3559 175 3613 egere
189 3562 228 3597 ur.
