2384 3878
116 188 182 242 XIV
522 184 729 238 PRAEFATIO
800 194 801 198 ’

209 337 248 395 18
275 354 337 412 sqq.
366 320 555 409 nequeenim
582 335 681 409 Tyriis
708 333 863 408 Cynosura
890 338 999 394 carinis
1027 340 1132 396 ceiiicr

117 428 169 484 eut
192 423 285 484 Grais
305 425 407 491 Helice
431 425 581 484 seruando
606 425 768 498 mustum
796 441 848 484 seu
875 429 907 482 iu
933 427 1019 497 siquo
1046 427 1132 485 dubis

116 530 167 573 see
194 518 220 573 ie
246 514 318 573 duce
343 511 472 572 Graecia
499 515 590 572 mittet
616 517 642 571 ci
668 511 760 571 Sidou
781 512 926 585 Nilusque
954 517 1040 572 retes.
1086 515 1133 573 ite

115 603 179 662 iere
212 601 294 661 codd
332 602 442 660 mirum
476 603 578 660 eutem
610 605 657 660 est
692 619 783 677 quem
813 602 957 661 uiolentis
989 603 1133 662 remediis

115 691 224 750 horum
259 708 404 749 uersuum
439 690 643 765 corruptelam
683 690 791 749 tollere
828 691 1000 749 studuerint
1042 691 1131 750 docti.

116 780 230 854 optima
258 783 360 838 eutem
387 778 549 854 eademque
582 778 737 837 lenissime
763 779 930 838 mutatione
959 778 1130 839 Gronouius

29 910 32 915 -
117 865 194 943 [obs.
217 867 232 925 I
257 865 312 942 18]
339 867 422 926 dedit
446 860 484 925 ‘si
506 870 541 926 tu
565 867 653 944 signe
676 860 783 925 debis'.
815 866 896 927 idem
920 869 1000 943 quod
1024 868 1134 926 deinde

20 964 23 968 ⁴
116 949 155 1014 ‘si
176 958 208 1014 te
222 949 309 1015 duee'
333 956 479 1032 reposuit,
502 956 534 1014 id
556 974 629 1014 uero
652 975 713 1015 non
734 956 902 1015 laudamus.
933 975 1004 1014 nam
1027 959 1134 1032 aperte

116 1044 226 1103 ultima
249 1045 345 1103 uerba
368 1047 561 1121 opponuntur
583 1045 744 1120 prioribus.
775 1045 877 1121 itaque
902 1037 966 1103 ‘sed
988 1047 1020 1103 te
1043 1039 1130 1103 duoe'

61 1140 66 1147 “
113 1134 210 1208 posui.
245 1136 407 1209 postquam
433 1136 535 1192 autem
563 1126 639 1192 ‘sed'
667 1133 699 1191 iu
727 1126 804 1192 ‘seu'
833 1132 922 1208 abiit,
946 1151 1040 1208 paene
1064 1151 1131 1192 eon-

32 1228 39 1237 “
118 1221 280 1280 sectarium
308 1224 374 1280 erat
401 1224 436 1279 ut
464 1221 557 1280 etiem
582 1222 667 1297 prius
690 1221 766 1279 illud
791 1214 840 1280 ‘si'
863 1223 999 1281 traheret
1021 1222 1130 1280 lebem.

205 1329 245 1386 39
279 1331 399 1400 conseptu
430 1331 457 1385 ci
486 1328 562 1398 ficiis
593 1329 645 1386 dui
673 1327 788 1387 uelum
821 1332 847 1386 ei
871 1329 1006 1402 pondere
1037 1329 1128 1386 dictis.

90 1416 181 1491 ¹iure
213 1415 327 1490 optimc
361 1415 547 1474 offenderimt
580 1415 660 1475 docti
691 1416 926 1476 homoioteleuto
958 1417 1011 1474 illo
1040 1408 1132 1474 ‘fictis

116 1497 226 1564 dictis'.
272 1507 432 1579 praeterea
453 1503 530 1562 illud
554 1498 686 1563 ‘uultum
708 1507 740 1563 et
763 1497 909 1580 pondere'
932 1523 951 1563 a
977 1504 1129 1563 latinitate

117 1594 290 1668 suspectum
314 1595 368 1651 est.
396 1593 500 1668 iteque
524 1592 630 1668 scripsi
655 1586 697 1652 ‘et
710 1592 774 1652 ficti
796 1594 849 1653 dat
872 1593 977 1652 uultus
996 1592 1131 1667 pondere

114 1674 228 1757 dictis'3
252 1680 288 1739 ol.
311 1681 453 1740 Manilius
478 1678 520 1756 [V
548 1679 627 1756 452]
657 1675 835 1758 ‘frontisque
861 1699 896 1740 ac
923 1682 1027 1740 uultus
1051 1699 1128 1739 com-

113 1770 199 1845 ponit
225 1769 358 1846 pondere
385 1763 522 1829 mentes'.
547 1801 588 1812 —-
619 1763 673 1830 ‘et'
706 1770 887 1830 addiderunt
908 1772 979 1845 post
1001 1762 1129 1828 ‘uultus'

113 1859 197 1918 uocis
220 1859 475 1934 deprauationem.

203 1966 245 2022 41
271 1958 380 2040 ‘daque
402 1958 537 2023 menum'
559 1965 703 2024 Heinsius
726 1963 990 2040 perprobabiliter.

202 2072 243 2130 49
262 2071 372 2216 ἲῑῖαοενα
403 2071 536 2130 adeleis
566 2075 681 2144 tumque
713 2069 832 2145 scripsi:
865 2071 963 2130 iacere
995 2071 1130 2130 adsiduis

114 2175 241 2232 namque
292 2204 298 2217 .

206 2266 247 2324 51
276 2269 310 2324 ui
340 2265 470 2338 pendere
497 2265 617 2341 scripsi:
649 2265 697 2325 uel
717 2266 845 2340 peredere
874 2261 903 2321 V
927 2265 998 2324 sine
1031 2282 1130 2322 sensu.

20 2377 23 2380 ·
118 2354 200 2429 quod
223 2372 291 2412 cum
314 2353 441 2413 sentiret
462 2353 645 2430 Meduigius‚
668 2352 766 2413 minus
781 2353 870 2412 'bene
900 2346 957 2410 ‘tu'
984 2353 1129 2427 reposuit.

206 2461 248 2518 58
273 2478 336 2537 sqq.
364 2461 472 2520 teletus
497 2460 631 2518 icriulur
656 2460 802 2525 iuuenem,
823 2460 1000 2532 propiorque
1021 2459 1131 2516 iubenti

114 2551 261 2622 conticuit,
289 2553 384 2608 cerus
410 2547 539 2622 Scythico
562 2561 742 2606 concurrere
746 2551 838 2620 ponto
861 2544 1010 2620 Cyaneas,
1038 2550 1130 2604 ionio

115 2654 169 2710 quc
191 2639 256 2697 silet
272 2654 409 2711 possesso
432 2637 556 2696 dremne
577 2635 695 2695 ueikre.
740 2637 810 2710 post
836 2634 891 2693 ifle
914 2627 1037 2693 ‘talibus
1060 2635 1128 2694 hor-

112 2728 197 2786 tetur
219 2719 372 2784 iuuenem’
396 2725 557 2785 admodum
578 2724 671 2802 friget
693 2724 770 2783 illud
784 2716 951 2784 ‘conticuit'
973 2727 1038 2781 tam
1050 2723 1130 2781 nude

112 2815 255 2889 positum
301 2817 493 2888 expectamus
507 2815 618 2888 antem,
641 2816 676 2872 ut
698 2811 737 2872 iid
766 2806 867 2887 ‘silet',
890 2813 935 2870 ite
962 2810 1001 2868 ed
1025 2804 1128 2867 ‘conti-

112 2896 186 2962 cuit'
215 2902 351 2961 additum
378 2918 444 2960 esse
472 2901 622 2960 obiectum
653 2900 812 2974 quoddam
861 2899 977 2973 iteque,
1005 2916 1073 2954 oum
1099 2897 1128 2953 V

112 2991 257 3067 praebeat
286 2983 409 3066 ‘certis’,
437 2987 545 3064 scripsi
572 2981 727 3046 ‘conticuit
753 2979 873 3045 certes'.
901 3016 943 3026 -
976 2979 1128 3060 ‘Cyaneae

79 3080 81 3085 ⁴
112 3097 289 3138 concurrere
322 3070 434 3137 certnc’
465 3079 536 3136 uoto
569 3074 736 3152 graecismo
767 3093 823 3150 pro
846 3067 913 3150 ‘Cyn
946 3092 1023 3148 quse
1046 3076 1128 3132 certe

112 3158 316 3242 concurrent'3
342 3166 379 3225 cf.
393 3165 484 3224 Silius
507 3163 631 3223 Italicus
656 3160 727 3238 [XV
740 3159 821 3240 493]
846 3155 996 3238 ‘superari
1018 3162 1128 3221 certior

111 3247 230 3315 hostis'.
246 3285 288 3296 -
313 3256 446 3314 ceterum
468 3253 615 3312 adnotatu
637 3253 686 3311 est
708 3251 928 3328 dignissimum,
952 3250 1128 3326 saepissime

111 3344 144 3402 in
166 3336 230 3401 V‘i'
256 3345 287 3402 et
311 3336 353 3401 ‘a’
376 3342 496 3402 uocales
520 3341 660 3400 confusas
683 3359 763 3418 esse3
790 3340 827 3400 ei.
855 3339 872 3398 Ι
896 3343 935 3400 17
961 3332 1127 3416 ‘Tyriss-

112 3424 258 3508 carines’;
292 3433 355 3492 227
390 3423 547 3508 ‘embige'3
581 3432 645 3490 429
680 3421 878 3504 ‘saluasque'3
917 3430 980 3488 619
1019 3421 1127 3488 ‘ectus’

102 3521 172 3575 730
210 3513 317 3578 taoni
362 3519 399 3579 11
430 3523 494 3582 197
530 3511 743 3598 ‘adglomcrit'.
788 3516 836 3577 ΠΙ
868 3518 910 3577 48
944 3509 1038 3576 ‘oris'.
1083 3515 1127 3573 IV
